2722 4838
97 332 134 401 z't
241 334 686 418 nummumque.
708 331 1095 418 cavaflxvm.
1134 339 1194 409 ide

203 482 401 580 ¹principum
422 486 702 570 philosophorum
730 486 776 549 ita
803 448 953 570 percepta
980 489 1099 554 habuit
1117 509 1194 572 praa

209 609 319 676 cepta,
338 607 378 656 ut
399 593 440 654 iis
460 592 503 654 ad
522 592 629 661 vitam
648 591 828 675 agendam,
849 611 921 655 non
942 593 984 654 ad
1007 594 1196 661 ostentatio·

98 766 135 810 Ε
208 719 307 774 nem,
329 712 488 763 uteretur.
513 723 519 733 ·
591 704 608 719 ‘

522 862 635 935 Car.
683 862 819 938 xv111.

99 983 181 1129 :a
212 1007 320 1088 Moris
344 1006 445 1069 etiam
470 1004 637 1089 majorum
660 1023 814 1068 summus
837 1003 984 1068 imitator
1006 1005 1090 1080 luit,
1115 1007 1198 1073 anti·

211 1112 415 1195 quitatisque
446 1127 591 1176 amator=
627 1131 731 1192 quam
763 1113 846 1174 adeo
874 1112 1053 1196 diligenter
1079 1111 1200 1178 habuit

99 1202 122 1243 ⁸
213 1217 397 1302 cognitam,
419 1233 457 1279 ut
472 1238 545 1279 eam
564 1232 665 1279 totam
684 1216 776 1279 ineo
789 1217 970 1279 volumine
990 1217 1199 1300 exposuerit,
1241 1264 1244 1271 ·

100 1308 121 1349 Ξ
153 1342 183 1392 r.
213 1344 282 1402 quo
312 1324 520 1406 magistratus
543 1320 687 1385 ornavit.
732 1321 839 1383 Nulla
865 1322 959 1384 enim
985 1324 1061 1397 lex,
1086 1342 1198 1404 neque

99 1418 105 1456 ³
216 1450 298 1511 pax,
326 1448 437 1509 neque
462 1429 610 1502 bellum,
633 1447 745 1508 neque
770 1446 820 1488 res
844 1427 985 1490 illustris
1007 1443 1057 1491 est
1079 1418 1200 1512 populi

107 1536 134 1571 ²·
212 1533 378 1605 Romani,
402 1551 477 1612 quae
495 1552 566 1593 non
584 1531 680 1592 ineo
698 1553 760 1594 sun
775 1547 923 1615 tempore
938 1532 982 1596 sit
998 1548 1129 1597 notatas
1149 1549 1199 1608 et,

100 1632 109 1671 ³
213 1640 307 1721 quod
336 1637 576 1700 difficillimum
605 1635 690 1713 fuir,
725 1636 772 1698 sic
798 1637 1004 1700 familiarum
1031 1638 1197 1723 originem

212 1743 407 1818 subtexuit,
438 1759 477 1804 ut
500 1761 543 1804 ex
566 1761 608 1805 eo
631 1743 798 1807 clarorum
823 1741 984 1833 virorum¹
1002 1744 1198 1829 propagines

151 1847 184 1919 3.
214 1849 379 1930 possimus
401 1866 608 1929 cognoscere.
648 1846 744 1917 Fecit
763 1847 829 1922 hoc
850 1848 941 1911 idem
962 1851 1136 1931 separatim
1162 1849 1200 1911 in

214 1956 289 2018 aliis
314 1954 422 2018 libris:
447 1970 485 2015 ut
501 1955 553 2016 Μ.
573 1951 675 2015 Bruti
695 1966 811 2034 rogatu
828 1951 970 2015 Juniam
991 1953 1155 2016 familiam
1180 1974 1200 2016 a

214 2060 315 2142 stirpe
337 2059 380 2122 ad
403 2056 491 2118 hanc
511 2071 639 2119 aetatem
664 2055 783 2118 ordine
807 2058 1035 2133 enumeravit,
1062 2074 1200 2134 notans,

215 2167 294 2247 qui,
313 2186 332 2227 a
351 2183 420 2245 quo
440 2176 547 2240 ortus,
571 2180 656 2242 quos
676 2160 840 2240 honores,
862 2163 1055 2245 quibusque
1076 2178 1202 2249 tempn-

153 2291 185 2352 4.
217 2270 369 2353 poribus,
390 2269 538 2352 cepisset.
572 2267 652 2329 Pari
664 2269 768 2333 modo
781 2269 936 2332 Marcelli
947 2269 1101 2346 Claudii,
1114 2272 1202 2334 Mar·

215 2378 396 2449 cellorum3
418 2373 585 2457 Scipionis
601 2373 772 2445 Cornelii,
790 2389 829 2457 eta
843 2373 941 2447 Fabii
955 2375 1118 2454 Maximi,
1140 2377 1200 2440 Fa·

214 2481 367 2557 biorum,
387 2495 421 2543 et
436 2479 669 2543 Aemiliorum
686 2458 840 2560 quoque:
862 2479 986 2560 quibus
1001 2480 1096 2544 libris
1110 2481 1201 2545 nihil

213 2601 321 2670 potest
340 2604 409 2649 esse
428 2586 562 2647 dulcius
582 2583 639 2659 iis,
660 2582 722 2665 qui
738 2583 888 2665 aliquam
908 2584 1126 2665 cupiditatem
1145 2587 1202 2651 ha·

127 2728 135 2745 ·
152 2696 184 2759 5.
215 2697 297 2756 bent
313 2690 440 2755 notitias
454 2692 620 2754 clarorum
636 2688 798 2754 virorum.
824 2688 951 2774 Attigit
966 2710 1106 2772 quoque
1124 2699 1200 2774 poe·

215 2799 324 2861 ticen:
362 2796 549 2871 credimus,
585 2813 631 2856 ne
660 2787 743 2876 ejus
761 2813 879 2877 expers
905 2796 988 2856 esset
1016 2795 1201 2873 suavitatis.

211 2907 370 2988 Namque
394 2902 566 2971 versibus,
594 2897 657 2978 qui
676 2897 806 2965 honore
830 2914 1010 2984 rerumque
1033 2910 1200 2987 gestarum

190 3083 297 3137 lell.
336 3099 359 3133 r.
386 3071 593 3147 anitquitatts]
628 3076 651 3127 l.
675 3089 698 3124 s.
724 3086 820 3123 rerum
844 3073 1041 3141 antiquarum,
1066 3068 1202 3130 historie.

157 3169 257 3222 Cicero
275 3166 309 3217 de
327 3166 413 3219 orat.
432 3165 465 3232 l,
482 3171 509 3228 5.
538 3156 676 3213 Tamuda
690 3165 836 3229 praterea
853 3164 898 3210 sat
915 3161 1009 3209 omnis
1027 3163 1202 3233 antiqteilar.

156 3252 224 3322 Vgl.
242 3253 313 3318 XX,
334 3269 360 3304 a.

244 3365 299 3418 quo
318 3335 663 3416 magistrattu'ornavr‘t]
696 3340 751 3395 Dis
769 3335 967 3409 Vermuthung
983 3340 1128 3399 nrshmer
1140 3342 1202 3398 Gs·

157 3433 283 3501 lehrteu,
303 3432 364 3488 dass
383 3450 449 3488 nrsu
465 3428 619 3484 ordinavit
637 3440 706 3482 ststt
723 3430 840 3480 ornavtt
856 3424 936 3479 lesen
952 3432 1062 3494 rndste,
1080 3432 1117 3480 itt
1133 3430 1199 3482 sehr

159 3516 402 3574 wahrsrheinliclr.
437 3518 547 3571 Atticus
570 3512 668 3567 tuchte
685 3516 715 3566 ln
733 3510 841 3565 distem
858 3508 955 3567 Buehe
972 3510 1017 3566 dis
1034 3527 1119 3566 etwas
1135 3531 1202 3568 ver-

159 3610 257 3660 wirrts
276 3603 413 3675 zeidolge
430 3602 481 3656 der
497 3598 625 3664 Consuln
643 3603 673 3652 ln
691 3596 834 3667 ordnung
851 3615 886 3659 au
903 3598 1033 3668 bringen.
1069 3597 1203 3652 Ordina-

160 3697 203 3745 m't
225 3692 301 3744 wilra
324 3688 393 3743 elren
416 3689 481 3752 dat,
504 3703 563 3741 was
583 3683 734 3741 cornelitas
758 3688 789 3745 iu
813 3683 864 3746 dar
881 3682 966 3753 Folgs
990 3682 1081 3737 durch
1099 3683 1201 3738 ordino

159 3780 339 3830 enumeravit
357 3774 519 3829 ausdruckt.

192 3908 222 3965 5.
251 3903 315 3969 qul,
334 3915 354 3949 a
371 3913 425 3965 quo
444 3902 526 3947 ortus
543 3890 614 3963 cea]
649 3889 799 3946 Timoleon
816 3888 860 3956 11,
880 3906 905 3943 ι.

195 4024 221 4085 q.
249 4025 278 4068 et
299 4015 488 4068 Aemiliorum
506 4009 631 4084 qusque]
666 4008 794 4065 seltener
811 4007 903 4061 haban
922 3994 976 4061 wir
994 4015 1023 4061 et
1040 4032 1075 4049 -
1091 4028 1200 4082 quoque

159 4107 200 4157 ln
216 4100 345 4174 glelrheu
361 4101 451 4156 Sarae.
486 4098 552 4171 Vgl.
567 4097 753 4153 meatu
769 4112 805 4151 su
823 4096 855 4153 V
853 4091 960 4163 attejas
974 4093 1088 4152 Patere.
1106 4098 1136 4168 1,
1157 4109 1200 4166 ιγ.
