2722 4838
151 304 209 370 29²
399 283 530 368 XXII.
551 282 736 347 Hamilcar.
777 283 853 368 Cep.
874 284 967 349 ΙΙΙ.

563 438 674 517 ,cun
723 440 788 508 111.
869 395 881 431 Χ
1073 475 1083 505 .

152 603 182 648 1.
212 584 328 646 Rebus
349 581 403 643 his
422 601 466 644 ex
478 581 643 644 sententia
663 582 816 662 peractis,
836 582 958 646 fidenti
972 587 1103 652 animo
1118 605 1210 674 etque

213 686 337 752 infesto
358 686 540 761 Romania,
571 706 639 767 quo
660 685 793 748 facilius
815 708 964 769 causeam
992 694 1156 758 bellandi
1172 719 1208 759 re
1234 748 1239 761 .

212 793 349 877 periret,
371 790 498 867 effecit,
518 805 557 852 ut
580 790 758 872 imperator
772 813 849 854 cum
865 795 1022 858 exercitu
1039 797 1083 860 in
1094 800 1209 883 Hispa·
1234 780 1242 827 l

210 900 303 960 niam
325 897 528 971 mitteretur,
548 915 658 976 eoque
675 916 788 957 secum
811 898 911 960 duxit
932 898 1052 962 filium
1076 903 1209 967 Hanni·
1234 848 1244 1045 ἱ

152 1023 181 1072 2.
210 1004 337 1076 belem,
360 1020 527 1063 annorum
542 1020 680 1062 novem.
719 1001 800 1063 Erat
810 1016 964 1084 praeterea
978 1025 1064 1068 cum
1077 1029 1123 1070 eo
1137 1012 1206 1072 ado
1237 1054 1243 1089 ,

210 1109 338 1170 leecene
358 1104 512 1180 illustrie,
538 1103 719 1181 formosus,
746 1106 971 1183 Hasdrubal,
987 1132 1100 1191 quem
1129 1136 1205 1177 non·
1240 1124 1243 1131 '

212 1213 305 1274 nulli
329 1210 426 1293 diligi
449 1209 599 1291 turpiueq
627 1230 730 1292 quam
748 1232 807 1293 par
825 1228 910 1289 erat,
939 1217 981 1276 ab
1002 1216 1206 1281 Hamilcare

211 1318 450 1397 loquebantur.
487 1314 570 1376 Non
591 1315 684 1377 enim
704 1316 861 1379 maledici
880 1310 975 1379 lanto
991 1320 1071 1382 viro
1094 1325 1205 1387 deesse

210 1433 374 1504 poterant.
425 1418 506 1507 Quo
527 1417 653 1509 iactum
675 1435 741 1492 eet,
773 1436 813 1483 ut
837 1442 857 1482 a
881 1422 1036 1504 praefecto
1067 1447 1206 1490 morum

150 1525 182 1590 3.
210 1524 404 1588 Haedrubal
423 1543 503 1587 cum
522 1545 563 1587 eo
582 1539 750 1588 vetaretur
769 1545 849 1588 ecee.
894 1527 991 1589 Huic
1011 1529 1074 1591 ille
1095 1533 1208 1595 filiam

207 1648 305 1690 auem
328 1627 366 1689 in
388 1628 646 1692 matrimonium
668 1630 781 1710 dedit,
801 1631 893 1713 quod
914 1633 1061 1694 moribus
1078 1640 1208 1698 eorum

210 1754 283 1797 nan
310 1745 436 1817 poterat
465 1733 621 1797 interdici
647 1755 759 1798 socero
782 1755 894 1820 gener.
947 1738 1001 1800 De
1025 1735 1090 1797 hoc
1116 1738 1203 1801 idea

184 1927 238 1982 lll.
267 1948 292 1986 e.
310 1926 396 1998 diligi
414 1933 537 1998 turpius,
554 1944 642 1999 quam
657 1946 716 1997 par
734 1929 817 2001 erat]
854 1924 1097 1983 Aberieteedenu
1109 1928 1204 1983 uber·

153 2011 244 2086 haupt
260 2030 332 2084 par,
350 2014 472 2082 diligere
490 2015 615 2085 aliquem
632 2016 780 2082 turpiter?
799 2016 896 2071 Wenn
911 2034 976 2068 rnen
989 2013 1033 2068 die
1045 2013 1139 2068 Seche
1152 2032 1204 2086 ge-

150 2116 210 2154 neu
227 2101 348 2154 nehmen
365 2100 450 2166 will„
465 2117 497 2152 eo
515 2107 630 2152 mueeeu
649 2100 695 2153 die
713 2099 835 2167 Worte,
862 2121 949 2172 quam
965 2119 1020 2170 par
1038 2109 1122 2167 erat,
1149 2120 1202 2155 aue

153 2182 219 2237 dem
237 2185 325 2238 'l'exte
343 2185 485 2256 geetoleen
502 2183 624 2239 werden.
660 2185 756 2240 Allein
766 2185 812 2239 die
827 2186 1028 2241 Schrifteteller
1044 2185 1108 2239 eiud
1122 2189 1203 2240 nicht

150 2273 254 2322 immet
272 2287 303 2323 ea
320 2270 481 2342 punctllclr,
508 2271 567 2324 und
585 2268 733 2325 cordelin·
755 2270 856 2325 drucltt
879 2279 930 2325 mit
952 2271 1058 2324 diesem
1079 2273 1202 2326 Zueetee

150 2357 359 2408 welter'nichte
376 2374 443 2419 eue,
463 2355 504 2409 ele
515 2375 582 2409 men
593 2356 665 2410 helie
676 2355 741 2410 dem
753 2357 896 2411 llemilcer
907 2362 970 2409 eine
980 2358 1059 2409 recht
1077 2357 1203 2411 eclt‘e'nd·

150 2438 227 2491 liche
246 2441 329 2492 Liebe
347 2455 434 2510 gegen
452 2440 506 2493 den
525 2439 685 2496 Hasdrulutl
707 2457 868 2514 aagetreut,
887 2448 948 2495 eine
969 2441 1201 2508 echiudlichere,

151 2522 194 2574 ele
212 2539 279 2574 meu
298 2525 370 2577 each
391 2530 421 2577 in
438 2530 530 2578 elnem
549 2527 699 2595 Zeltelter,
715 2545 760 2581 πο
779 2544 809 2580 ee
828 2533 890 2579 eine
911 2528 986 2580 Ehre
1008 2544 1085 2592 wer,
1104 2529 1202 2601 pluri·

149 2624 212 2660 tuoe
230 2607 333 2662 hebere
351 2624 507 2676 emetoree,
534 2596 613 2666 niilu
637 2628 765 2683 ertregen
782 2609 888 2664 wallte.
915 2612 1085 2666 ‚Alcibiad
1099 2614 1154 2679 ·1t,
1173 2624 1201 2682 4.

150 2692 243 2747 Ueber
268 2694 460 2763 loquebantur
485 2696 541 2766 egl.
564 2698 786 2762 Alctb.v11,i.
835 2694 935 2748 Cicera
955 2711 1012 2762 pro
1034 2697 1082 2748 M.
1106 2698 1201 2751 Coelio

151 2799 176 2835 e.
188 2791 235 2847 5¹·
269 2782 461 2854 Nequaquam
477 2789 551 2835 cuim
563 2791 681 2838 tautum
697 2788 775 2849 erat,
791 2785 931 2851 weretune
945 2777 1075 2830 leamiues
1093 2782 1202 2850 loque·

150 2867 270 2922 bantur.

239 2981 258 3014 a
274 2963 419 3035 praefecta
439 2962 566 3037 morum]
601 2963 765 3039 Profectus
779 2976 887 3017 morare
903 2975 962 3013 wer
977 2957 1029 3027 bey
1046 2954 1102 3008 dea
1115 2958 1195 3011 Car*

150 3045 363 3116 theginieneern
382 3052 536 3120 ungeuur,
554 3067 612 3104 eree
633 3053 685 3123 bey
704 3050 759 3104 den
774 3051 897 3103 liiimeru
914 3046 964 3098 dee
980 3043 1099 3107 Censor,
1118 3045 1193 3094 wel·

150 3133 218 3185 cher
236 3133 306 3186 uber
321 3135 367 3186 die
385 3136 476 3189 Sitten
498 3137 606 3200 wecht,
636 3136 706 3201 ellee
724 3132 939 3190 Uutuorelleche
960 3131 995 3182 erl
1021 3128 1192 3183 verbindern

151 3220 235 3272 enchi
253 3218 328 3284 und,
352 3238 434 3272 uena
454 3210 484 3273 ei
502 3219 573 3274 dicit
594 3223 672 3275 nicht
696 3223 790 3286 leun,
807 3238 837 3274 ee
854 3218 981 3273 bertreit.
1027 3218 1060 3270 lu
1080 3218 1195 3287 epitern

150 3303 248 3358 Zeiten
266 3303 363 3357 wurde
386 3306 436 3377 bey
458 3307 511 3359 deu
532 3307 656 3362 Ra'tnern
671 3323 793 3360 ceueura
808 3305 866 3358 und
879 3301 1064 3376 prestatura
1084 3321 1199 3355 marum

150 3404 208 3442 van
226 3391 362 3443 einander
378 3391 606 3446 unterechieden.
639 3394 704 3465 Vqt.
722 3393 865 3448 Selenen
880 3407 917 3444 eu
929 3389 1017 3443 Plinii
1032 3389 1199 3460 Panegyri-

148 3485 350 3544 meme

183 3625 212 3682 5.
238 3632 297 3668 nau
313 3623 434 3684 poterat
451 3616 589 3672 interdici
605 3636 705 3674 secero
720 3614 828 3688 gener]
869 3614 941 3670 Men
959 3616 1116 3667 cauetrturt
1133 3624 1198 3665 ent·

148 3701 243 3756 aeder
260 3699 433 3755 interdicere
452 3706 542 3755 alicui
561 3704 687 3775 aliquid,
705 3707 773 3757 oder
793 3702 968 3754 interdicere
986 3699 1079 3750 alicui
1094 3696 1196 3765 aliqua

150 3803 197 3855 re,
215 3788 284 3842 oder
301 3788 392 3840 elicui
409 3788 561 3861 abaliquo
577 3809 623 3857 re,
642 3792 711 3844 oder
723 3789 838 3843 endlicit
849 3784 1023 3840 interdicere
1038 3800 1121 3853 quem
1138 3784 1196 3834 ali·

149 3890 208 3942 qua
228 3890 269 3928 re.
310 3872 498 3944 Weaigetene
517 3876 640 3931 ecbretbe
658 3877 694 3930 D.
710 3877 815 3929 Brutue
835 3879 865 3926 in
886 3872 1018 3945 Cicerau,
1038 3868 1135 3936 Epist.
1156 3862 1197 3916 ad

147 3956 245 4009 Diaei.
264 3959 321 4028 xl,
342 3967 379 4025 r,'
391 3969 418 4027 4.
437 3969 469 4012 ut
484 3961 581 4015 hostes
594 3959 780 4032 judicemur,
799 3967 853 4011 aut
872 3974 950 4027 aqua
970 3964 1000 4006 et
1017 3959 1082 4022 igni
1101 3959 1192 4004 iuter-

149 4036 292 4095 licamur·
327 4044 383 4099 Εἰ»
400 4043 494 4098 Codex
513 4042 586 4100 tute
600 4050 663 4100 liter
675 4064 758 4099 aecer
770 4061 916 4115 ageuera.
951 4041 1048 4096 auctu
1060 4038 1104 4092 ielt
1116 4034 1192 4089 hello
