2722 4838
149 312 209 376 ²24
339 291 471 356 XVII.
492 289 671 372 Agesilaus.
712 288 789 373 Gap.
809 286 897 353 111.
915 287 990 355 IV.

209 455 303 517 sent,
335 460 391 503 eos
416 416 551 524 m‘agnis'
574 441 717 504 afficeret
738 441 946 506 muneribus.
998 440 1065 504 His
1089 443 1201 528 igitur

208 551 306 610 rebus
327 544 453 618 effecit,
474 560 513 607 ut
532 560 565 608 et
582 545 831 608 ornatissimum
852 558 885 609 et
904 546 1200 613 exercitassirnum

148 670 180 734 4.
206 651 343 714 haberet
354 649 549 714 exercitum.
591 648 687 712 Huic
702 671 809 731 quum
825 668 956 734 tempus
973 667 1053 714 esset
1067 654 1198 731 visum,
1236 653 1243 667 '

207 755 317 837 copias
327 754 500 818 extrahere
510 775 552 817 ex
562 752 809 829 hibernaculis,
830 755 934 830 vidit,
955 755 998 832 si,
1019 777 1088 837 quo
1110 773 1200 821 esset

210 860 274 923 iter
293 859 455 934 facturus,
474 844 583 941 palaln
606 859 872 939 pronuntiasset,
900 859 1010 923 hostes
1035 881 1105 923 nou
1131 883 1199 926 cre·

211 965 357 1039 diturus,
376 965 525 1043 aliasque
537 960 687 1046 regiones
698 963 858 1045 praesidiis
873 980 1110 1049 occupaturos,
1133 986 1197 1029 nec

208 1069 434 1138 dubitaturos,
463 1068 648 1131 aliudesse
670 1063 857 1146 facturum,
879 1090 916 1132 ac
937 1072 1196 1153 pronuntiasset.

151 1177 183 1239 5.
213 1166 333 1257 Itaque
353 1193 461 1255 quum
482 1172 541 1234 ille
560 1171 673 1234 Sardes
694 1170 824 1235 iturum
847 1193 882 1236 se
906 1173 1058 1249 dixisset,
1089 1177 1195 1236 Tissa·

211 1280 353 1364 phernes
369 1278 520 1340 eamdem
541 1277 671 1339 Cariam
695 1275 942 1339 defendendam
965 1279 1107 1359 putavit.
1146 1282 1191 1341 l'n

212 1405 282 1466 quo
302 1402 409 1464 quum
432 1401 512 1444 eum
533 1380 650 1464 opinio
667 1379 852 1456 fefellisset,
879 1384 1073 1463 victumque
1094 1405 1127 1446 se
1146 1383 1194 1447 vi·

189 1489 313 1551 ‘disset
326 1485 485 1560 consili03
503 1506 574 1547 sero
585 1485 655 1548 suis
667 1484 815 1568 praesidio
829 1485 994 1566 profectus
1005 1502 1064 1548 est.
1105 1486 1138 1550 N
1141 1509 1196 1549 am

213 1612 321 1672 quum
344 1590 404 1653 illo
425 1588 588 1661 venisset,
603 1587 673 1670 jam
687 1589 880 1673 Agesilaus,
903 1592 1020 1651 multis
1043 1584 1128 1653 locis
1143 1613 1198 1654 ex·

154 1697 187 1761 6.
215 1695 386 1780 pugnatis,
410 1716 531 1779 magna
552 1707 620 1756 erat
638 1693 746 1776 praeda
768 1685 900 1777 potitus.
951 1694 1038 1755 Laco
1059 1712 1199 1775 autem,

215 1820 323 1881 quum
345 1796 475 1861 videret
499 1797 607 1860 hostes
627 1797 778 1877 equitatu
800 1818 970 1881 superare,
1001 1820 1198 1878 numquam

216 1905 255 1968 in
275 1925 393 1988 campo
413 1903 466 1967 sui
487 1902 566 1966 fecit
587 1916 795 1986 potestatem,
821 1919 854 1968 et
874 1904 925 1984 hir
945 1905 1026 1966 locis
1050 1925 1198 1967 manum

215 2008 404 2087 conseruit,
438 2008 563 2092 quibus
591 2009 667 2090 plus
699 2011 860 2094 pedestres
898 2009 998 2092 copiae
1033 2011 1198 2073 valerent.

175 2168 179 2173 .
216 2114 359 2198 Repulit
378 2137 471 2199 ergo,
493 2115 773 2197 quotiescumque
793 2134 983 2198 congressus
1002 2128 1065 2188 est,
1087 2116 1197 2175 multo

210 2199 358 2295 lmaiores
378 2220 640 2282 adversariorum
660 2215 785 2300 copias,
815 2221 914 2282 etsie
936 2222 973 2282 in
992 2218 1074 2281 Asin
1096 2239 1198 2281 versa·

217 2338 270 2385 tus
290 2335 353 2395 est,
374 2337 413 2383 ut
432 2323 590 2385 omnium
611 2322 774 2403 opinione
796 2324 904 2385 victor
927 2326 1112 2386 duceretur.

562 2496 673 2567 Cas.
723 2496 785 2568 IV.

157 2658 186 2703 1.
217 2638 286 2703 Hic
307 2653 415 2718 quum
433 2634 503 2719 jam
524 2636 639 2698 animo
661 2636 876 2698 meditaretur
888 2638 1050 2718 proficisci
1071 2640 1105 2700 in
1125 2642 1202 2706 Per-

194 2827 221 2887 4.
248 2834 333 2889 qrtnm
351 2821 462 2885 tempus
480 2820 554 2866 essct
570 2818 667 2865 visrrm
686 2839 721 2854 -
739 2793 908 2880 extrahere]
953 2814 1020 2866 Mau
1042 2794 1203 2884 verglriehc

159 2901 206 2957 die
225 2902 408 2971 dumerlruug
425 2920 461 2954 au
477 2897 627 2972 Lysander
643 2899 702 2967 111,
721 2919 746 2954 r.
764 2900 831 2949 iniit
847 2897 985 2963 consilia,
1004 2918 1087 2967 rages
1107 2905 1205 2955 Lace.

160 2987 367 3042 demoniorum
381 2988 494 3043 tollere.
771 2972 775 2995 ⁵

197 3137 224 3191 5.
250 3130 331 3199 sero]
366 3130 502 3199 erspat.
538 3127 575 3181 So
594 3124 770 3198 gebrauebcn
793 3120 837 3175 dle
856 3120 985 3175 Luceium
1003 3122 1055 3176 den
1074 3127 1204 3196 Poritiv,

162 3212 242 3267 ulcht
259 3212 313 3267 den
331 3215 513 3286 Compararir
529 3219 638 3277 scrius,
665 3229 748 3263 wcun
766 3211 845 3261 nicht
870 3213 931 3260 eine
951 3210 1108 3263 bertirurnte
1128 3215 1205 3265 Ver·

163 3297 313 3369 glcielruug
325 3299 485 3352 bezeichuct
495 3296 576 3351 wird.
609 3300 719 3351 lustin.
734 3297 783 3360 lV,
800 3309 826 3362 4.
864 3294 957 3364 cujus
970 3303 1107 3366 quonium
1121 3316 1204 3351 serus

163 3382 311 3437 adventus
334 3393 409 3437 erat.
427 3386 496 3450 Vll,
515 3394 542 3450 5.

198 3502 226 3557 6.
253 3508 299 3554 rui
311 3501 394 3573 fecit
406 3498 602 3573 potestatem]
637 3502 689 3554 sur
703 3472 813 3572 facere
822 3502 1000 3568 potestatem
1014 3505 1050 3554 ist
1068 3501 1130 3554 lticr
1144 3503 1204 3555 sich

165 3591 197 3640 in
216 3592 262 3640 et'n
283 3587 413 3659 Tresfen
440 3588 599 3650 eiulassen,
627 3587 714 3640 nster
740 3583 790 3638 dec
813 3585 997 3652 cigentlichen
1022 3585 1202 3656 Bedeurung,

165 3673 227 3725 sicle
246 3673 429 3743 beyl‘cmmcu
447 3673 558 3737 lamen,
586 3672 649 3724 siclt
666 3686 732 3723 zum
751 3664 901 3741 Angrijse
925 3669 1104 3725 darbictlren.
1148 3673 1203 3725 Die

167 3756 332 3827 allgemetne
351 3755 516 3825 Bedcurung
533 3760 585 3808 ist:
615 3756 751 3819 maclam,
777 3749 850 3828 dass
872 3753 923 3806 der
945 3754 1051 3807 audere
1072 3755 1126 3808 das
1141 3774 1204 3808 von

168 3847 224 3895 mir
242 3843 376 3910 erlangt,
394 3857 461 3894 rra-r
480 3858 512 3891 er
529 3841 670 3907 erlangen
691 3838 766 3893 nrll.
801 3840 932 3892 liutran.
951 3841 1008 3904 lX,
1030 3862 1051 3894 1.

252 3941 352 3988 victor
370 3932 538 4003 duceretur]
572 3933 651 3985 Duct’
671 3936 709 3985 ist
728 3933 790 3986 hier
810 3933 858 3987 fur
878 3952 947 3989 esse.
983 3935 1053 3989 Meu
1073 3934 1136 3988 celte
1155 3929 1202 3985 die

169 4014 352 4089 dumsrlruug
374 4040 410 4074 au
429 4016 524 4074 Aleti.
542 4019 595 4086 Vl,
613 4035 641 4071 a.
675 4018 788 4087 Agesil.
806 4020 848 4087 V,
866 4036 893 4072 a.
