<?xml version="1.0" encoding="UTF-8"?>
<!DOCTYPE html PUBLIC "-//W3C//DTD XHTML 1.0 Transitional//EN"
    "http://www.w3.org/TR/xhtml1/DTD/xhtml1-transitional.dtd">
<html xmlns="http://www.w3.org/1999/xhtml" xml:lang="en" lang="en">
 <head>
  <title>
</title>
<meta http-equiv="Content-Type" content="text/html;charset=utf-8" />
  <meta name='ocr-system' content='tesseract 3.04.00' />
  <meta name='ocr-capabilities' content='ocr_page ocr_carea ocr_par ocr_line ocrx_word'/>
</head>
<body>
  <div class='ocr_page' id='page_1' title='image "./devitaexcellent00bremgoog/devitaexcellent00bremgoog_0307.png"; bbox 0 0 2722 4838; ppageno 0'>
   <div class='ocr_carea' id='block_1_1' title="bbox 873 210 886 239">
    <p class='ocr_par' dir='ltr' id='par_1_1' title="bbox 873 210 886 239">
     <span class='ocr_line' id='line_1_1' title="bbox 873 210 886 239; baseline 0 0"><span class='ocrx_word' id='word_1_1' title='bbox 873 210 886 239; x_wconf 63' lang='lat' dir='ltr'>N</span> 
     </span>
    </p>
   </div>
   <div class='ocr_carea' id='block_1_2' title="bbox 284 306 1154 391">
    <p class='ocr_par' dir='ltr' id='par_1_2' title="bbox 284 306 1154 391">
     <span class='ocr_line' id='line_1_2' title="bbox 284 306 1154 391; baseline -0.007 -13"><span class='ocrx_word' id='word_1_2' title='bbox 284 315 342 379; x_wconf 82' lang='grc' dir='ltr'><strong>3ιῦ</strong></span> <span class='ocrx_word' id='word_1_3' title='bbox 456 310 614 377; x_wconf 83' lang='lat' dir='ltr'><strong><em>XXIII.</em></strong></span> <span class='ocrx_word' id='word_1_4' title='bbox 636 308 816 373; x_wconf 83' lang='lat' dir='ltr'><strong>Hannibal.</strong></span> <span class='ocrx_word' id='word_1_5' title='bbox 855 306 933 391; x_wconf 79' lang='lat' dir='ltr'><strong>cap.</strong></span> <span class='ocrx_word' id='word_1_6' title='bbox 953 307 1023 371; x_wconf 84' lang='lat' dir='ltr'><strong>XI.</strong></span> <span class='ocrx_word' id='word_1_7' title='bbox 1043 306 1154 372; x_wconf 81' lang='lat' dir='ltr'><em>XII.</em></span> 
     </span>
    </p>
   </div>
   <div class='ocr_carea' id='block_1_3' title="bbox 1324 242 1335 297">
    <p class='ocr_par' dir='ltr' id='par_1_3' title="bbox 1324 242 1335 297">
     <span class='ocr_line' id='line_1_3' title="bbox 1324 242 1335 297; baseline 0 0"><span class='ocrx_word' id='word_1_8' title='bbox 1324 242 1335 297; x_wconf 80' lang='lat' dir='ltr'><strong>&#39;e</strong></span> 
     </span>
    </p>
   </div>
   <div class='ocr_carea' id='block_1_4' title="bbox 285 459 1340 840">
    <p class='ocr_par' dir='ltr' id='par_1_4' title="bbox 285 459 1340 840">
     <span class='ocr_line' id='line_1_4' title="bbox 285 459 1325 545; baseline -0.003 -18"><span class='ocrx_word' id='word_1_9' title='bbox 285 482 316 545; x_wconf 88' lang='lat'><strong>7.</strong></span> <span class='ocrx_word' id='word_1_10' title='bbox 345 464 478 527; x_wconf 84' lang='lat' dir='ltr'><strong>nautica</strong></span> <span class='ocrx_word' id='word_1_11' title='bbox 493 465 690 528; x_wconf 81' lang='lat' dir='ltr'><strong>retulerunt.</strong></span> <span class='ocrx_word' id='word_1_12' title='bbox 720 462 778 525; x_wconf 80' lang='lat' dir='ltr'><strong>stc</strong></span> <span class='ocrx_word' id='word_1_13' title='bbox 792 459 970 522; x_wconf 75' lang='lat' dir='ltr'><strong>Hannibal</strong></span> <span class='ocrx_word' id='word_1_14' title='bbox 991 461 1141 522; x_wconf 85' lang='lat' dir='ltr'><strong>consilio</strong></span> <span class='ocrx_word' id='word_1_15' title='bbox 1161 461 1325 525; x_wconf 80' lang='lat' dir='ltr'><strong>armaPc·</strong></span> 
     </span>
     <span class='ocr_line' id='line_1_5' title="bbox 344 565 1326 652; baseline -0.001 -23"><span class='ocrx_word' id='word_1_16' title='bbox 344 588 563 652; x_wconf 86' lang='lat' dir='ltr'><strong>gamenorum</strong></span> <span class='ocrx_word' id='word_1_17' title='bbox 586 565 767 648; x_wconf 85' lang='lat' dir='ltr'><strong>superavit.</strong></span> <span class='ocrx_word' id='word_1_18' title='bbox 795 585 906 644; x_wconf 87' lang='lat' dir='ltr'><strong>neque</strong></span> <span class='ocrx_word' id='word_1_19' title='bbox 928 579 1005 626; x_wconf 79' lang='lat' dir='ltr'><strong>tum&#39;</strong></span> <span class='ocrx_word' id='word_1_20' title='bbox 1021 566 1162 640; x_wconf 82' lang='lat' dir='ltr'><strong>solum,</strong></span> <span class='ocrx_word' id='word_1_21' title='bbox 1189 568 1251 628; x_wconf 88' lang='lat' dir='ltr'><strong>sed</strong></span> <span class='ocrx_word' id='word_1_22' title='bbox 1266 587 1326 647; x_wconf 77' lang='lat' dir='ltr'><strong>sept</strong></span> 
     </span>
     <span class='ocr_line' id='line_1_6' title="bbox 345 670 1340 754; baseline -0.002 -19"><span class='ocrx_word' id='word_1_23' title='bbox 345 674 426 736; x_wconf 86' lang='lat' dir='ltr'><strong>alias</strong></span> <span class='ocrx_word' id='word_1_24' title='bbox 453 672 658 754; x_wconf 74' lang='lat' dir='ltr'>pedestribus</span> <span class='ocrx_word' id='word_1_25' title='bbox 685 671 790 753; x_wconf 87' lang='lat' dir='ltr'><strong>copiis</strong></span> <span class='ocrx_word' id='word_1_26' title='bbox 817 670 888 752; x_wconf 84' lang='lat' dir='ltr'><strong>pati</strong></span> <span class='ocrx_word' id='word_1_27' title='bbox 915 671 1095 752; x_wconf 87' lang='lat' dir='ltr'><strong>prudentia</strong></span> <span class='ocrx_word' id='word_1_28' title='bbox 1122 673 1271 754; x_wconf 83' lang='lat' dir='ltr'><strong>pepulit</strong></span> <span class='ocrx_word' id='word_1_29' title='bbox 1294 673 1340 733; x_wconf 68' lang='lat' dir='ltr'><strong>ab</strong></span> 
     </span>
     <span class='ocr_line' id='line_1_7' title="bbox 345 795 518 840; baseline -0.017 0"><span class='ocrx_word' id='word_1_30' title='bbox 345 795 518 840; x_wconf 73' lang='lat' dir='ltr'><strong>versutos.</strong></span> 
     </span>
    </p>
   </div>
   <div class='ocr_carea' id='block_1_5' title="bbox 690 910 1028 980">
    <p class='ocr_par' dir='ltr' id='par_1_5' title="bbox 690 910 1028 980">
     <span class='ocr_line' id='line_1_8' title="bbox 690 910 1028 980; baseline -0.003 0"><span class='ocrx_word' id='word_1_31' title='bbox 690 910 795 980; x_wconf 72' lang='lat' dir='ltr'><strong>Can.</strong></span> <span class='ocrx_word' id='word_1_32' title='bbox 844 911 927 980; x_wconf 78' lang='lat' dir='ltr'><strong>xit.</strong></span> <span class='ocrx_word' id='word_1_33' title='bbox 1021 973 1028 979; x_wconf 86' lang='lat'><strong>.</strong></span> 
     </span>
    </p>
   </div>
   <div class='ocr_carea' id='block_1_6' title="bbox 288 1051 1333 2080">
    <p class='ocr_par' dir='ltr' id='par_1_6' title="bbox 288 1051 1333 2080">
     <span class='ocr_line' id='line_1_9' title="bbox 309 1051 1326 1142; baseline -0.002 -25"><span class='ocrx_word' id='word_1_34' title='bbox 309 1098 318 1117; x_wconf 90' lang='lat'><strong>.</strong></span> <span class='ocrx_word' id='word_1_35' title='bbox 349 1053 434 1142; x_wconf 80' lang='lat' dir='ltr'><strong>Quae</strong></span> <span class='ocrx_word' id='word_1_36' title='bbox 453 1056 534 1117; x_wconf 87' lang='lat' dir='ltr'><strong>dum</strong></span> <span class='ocrx_word' id='word_1_37' title='bbox 558 1054 595 1115; x_wconf 93' lang='lat' dir='ltr'><strong>in</strong></span> <span class='ocrx_word' id='word_1_38' title='bbox 617 1051 700 1115; x_wconf 85' lang='lat' dir='ltr'><strong>Asia</strong></span> <span class='ocrx_word' id='word_1_39' title='bbox 722 1065 899 1136; x_wconf 86' lang='lat' dir='ltr'><strong>geruntur,</strong></span> <span class='ocrx_word' id='word_1_40' title='bbox 921 1052 1040 1119; x_wconf 90' lang='lat' dir='ltr'><strong>accidit</strong></span> <span class='ocrx_word' id='word_1_41' title='bbox 1059 1072 1164 1125; x_wconf 87' lang='lat' dir='ltr'><strong>casu,</strong></span> <span class='ocrx_word' id='word_1_42' title='bbox 1188 1070 1232 1117; x_wconf 91' lang='lat' dir='ltr'><strong>ut</strong></span> <span class='ocrx_word' id='word_1_43' title='bbox 1251 1055 1326 1138; x_wconf 81' lang='lat' dir='ltr'><strong>legati</strong></span> 
     </span>
     <span class='ocr_line' id='line_1_10' title="bbox 345 1154 1325 1246; baseline -0.002 -25"><span class='ocrx_word' id='word_1_44' title='bbox 345 1158 472 1221; x_wconf 83' lang='lat' dir='ltr'><strong>Prusiae</strong></span> <span class='ocrx_word' id='word_1_45' title='bbox 484 1159 602 1220; x_wconf 79' lang='lat' dir='ltr'><strong>Romae</strong></span> <span class='ocrx_word' id='word_1_46' title='bbox 617 1154 706 1240; x_wconf 84' lang='lat' dir='ltr'><strong>apud</strong></span> <span class='ocrx_word' id='word_1_47' title='bbox 719 1159 760 1220; x_wconf 85' lang='lat' dir='ltr'><strong>L.</strong></span> <span class='ocrx_word' id='word_1_48' title='bbox 772 1157 957 1246; x_wconf 77' lang='lat' dir='ltr'><strong>Quintium</strong></span> <span class='ocrx_word' id='word_1_49' title='bbox 968 1158 1244 1236; x_wconf 78' lang='lat' dir='ltr'><strong>Flamininum,</strong></span> <span class='ocrx_word' id='word_1_50' title='bbox 1264 1160 1325 1221; x_wconf 83' lang='lat' dir='ltr'><strong>Coa</strong></span> 
     </span>
     <span class='ocr_line' id='line_1_11' title="bbox 295 1263 1325 1352; baseline -0.001 -27"><span class='ocrx_word' id='word_1_51' title='bbox 295 1338 299 1343; x_wconf 22' lang='lat'>⁵</span> <span class='ocrx_word' id='word_1_52' title='bbox 345 1264 510 1352; x_wconf 76' lang='lat' dir='ltr'><strong>sulacem,</strong></span> <span class='ocrx_word' id='word_1_53' title='bbox 535 1275 724 1337; x_wconf 84' lang='lat' dir='ltr'><strong>coenarent,</strong></span> <span class='ocrx_word' id='word_1_54' title='bbox 746 1278 845 1342; x_wconf 88' lang='lat' dir='ltr'><strong>atque</strong></span> <span class='ocrx_word' id='word_1_55' title='bbox 870 1263 937 1336; x_wconf 89' lang='lat' dir='ltr'><strong>ibi,</strong></span> <span class='ocrx_word' id='word_1_56' title='bbox 959 1263 1000 1324; x_wconf 90' lang='lat' dir='ltr'><strong>de</strong></span> <span class='ocrx_word' id='word_1_57' title='bbox 1021 1263 1240 1328; x_wconf 84' lang='lat' dir='ltr'><strong>Hannibale</strong></span> <span class='ocrx_word' id='word_1_58' title='bbox 1260 1285 1325 1327; x_wconf 83' lang='lat' dir='ltr'><strong>mea·</strong></span> 
     </span>
     <span class='ocr_line' id='line_1_12' title="bbox 346 1365 1327 1441; baseline 0 -12"><span class='ocrx_word' id='word_1_59' title='bbox 346 1369 439 1429; x_wconf 88' lang='lat' dir='ltr'><strong>tione</strong></span> <span class='ocrx_word' id='word_1_60' title='bbox 463 1365 562 1441; x_wconf 86' lang='lat' dir='ltr'><strong>facta,</strong></span> <span class='ocrx_word' id='word_1_61' title='bbox 594 1385 637 1427; x_wconf 86' lang='lat' dir='ltr'><strong>ex</strong></span> <span class='ocrx_word' id='word_1_62' title='bbox 664 1365 717 1428; x_wconf 88' lang='lat' dir='ltr'><strong>his</strong></span> <span class='ocrx_word' id='word_1_63' title='bbox 743 1385 833 1427; x_wconf 87' lang='lat' dir='ltr'><strong>unus</strong></span> <span class='ocrx_word' id='word_1_64' title='bbox 864 1366 1001 1438; x_wconf 82' lang='lat' dir='ltr'><strong>diceret,</strong></span> <span class='ocrx_word' id='word_1_65' title='bbox 1033 1384 1122 1435; x_wconf 76' lang='lat' dir='ltr'><strong>eum</strong></span> <span class='ocrx_word' id='word_1_66' title='bbox 1155 1368 1197 1431; x_wconf 92' lang='lat' dir='ltr'><strong>in</strong></span> <span class='ocrx_word' id='word_1_67' title='bbox 1223 1369 1327 1431; x_wconf 78' lang='lat' dir='ltr'><strong>Prusia</strong></span> 
     </span>
     <span class='ocr_line' id='line_1_13' title="bbox 347 1449 1329 1553; baseline 0.004 -23"><span class='ocrx_word' id='word_1_68' title='bbox 347 1490 449 1553; x_wconf 86' lang='lat' dir='ltr'><strong>regno</strong></span> <span class='ocrx_word' id='word_1_69' title='bbox 471 1488 551 1530; x_wconf 81' lang='lat' dir='ltr'><strong>esse.</strong></span> <span class='ocrx_word' id='word_1_70' title='bbox 591 1469 633 1531; x_wconf 94' lang='lat' dir='ltr'><strong>Id</strong></span> <span class='ocrx_word' id='word_1_71' title='bbox 655 1449 785 1551; x_wconf 64' lang='lat' dir='ltr'><strong>postiro</strong></span> <span class='ocrx_word' id='word_1_72' title='bbox 806 1470 861 1533; x_wconf 88' lang='lat' dir='ltr'><strong>die</strong></span> <span class='ocrx_word' id='word_1_73' title='bbox 880 1470 1102 1533; x_wconf 83' lang='lat' dir='ltr'><strong>Flamininus</strong></span> <span class='ocrx_word' id='word_1_74' title='bbox 1131 1475 1272 1537; x_wconf 84' lang='lat' dir='ltr'><strong>senatui</strong></span> <span class='ocrx_word' id='word_1_75' title='bbox 1294 1476 1329 1534; x_wconf 73' lang='lat' dir='ltr'><strong>de</strong></span> 
     </span>
     <span class='ocr_line' id='line_1_14' title="bbox 309 1573 1331 1658; baseline 0.003 -23"><span class='ocrx_word' id='word_1_76' title='bbox 309 1617 317 1635; x_wconf 86' lang='lat'><strong>.</strong></span> <span class='ocrx_word' id='word_1_77' title='bbox 349 1575 437 1637; x_wconf 83' lang='lat' dir='ltr'><strong>tulit.</strong></span> <span class='ocrx_word' id='word_1_78' title='bbox 465 1573 578 1636; x_wconf 86' lang='lat' dir='ltr'><strong>Patres</strong></span> <span class='ocrx_word' id='word_1_79' title='bbox 597 1573 790 1658; x_wconf 79' lang='lat' dir='ltr'><strong>conscripti,</strong></span> <span class='ocrx_word' id='word_1_80' title='bbox 811 1574 890 1654; x_wconf 90' lang='lat' dir='ltr'><strong>qui,</strong></span> <span class='ocrx_word' id='word_1_81' title='bbox 907 1574 1109 1636; x_wconf 87' lang='lat' dir='ltr'><strong>Hannibale</strong></span> <span class='ocrx_word' id='word_1_82' title='bbox 1123 1577 1226 1651; x_wconf 87' lang='lat' dir='ltr'><strong>vivo,</strong></span> <span class='ocrx_word' id='word_1_83' title='bbox 1250 1598 1331 1638; x_wconf 82' lang='lat' dir='ltr'><strong>num</strong></span> 
     </span>
     <span class='ocr_line' id='line_1_15' title="bbox 347 1677 1331 1767; baseline 0.003 -27"><span class='ocrx_word' id='word_1_84' title='bbox 347 1699 449 1761; x_wconf 87' lang='lat' dir='ltr'><strong>quam</strong></span> <span class='ocrx_word' id='word_1_85' title='bbox 469 1698 504 1740; x_wconf 86' lang='lat' dir='ltr'><strong>se</strong></span> <span class='ocrx_word' id='word_1_86' title='bbox 525 1678 598 1739; x_wconf 88' lang='lat' dir='ltr'><strong>sine</strong></span> <span class='ocrx_word' id='word_1_87' title='bbox 620 1678 752 1740; x_wconf 76' lang='lat' dir='ltr'><strong>insidiis</strong></span> <span class='ocrx_word' id='word_1_88' title='bbox 779 1677 908 1741; x_wconf 86' lang='lat' dir='ltr'><strong>futuros</strong></span> <span class='ocrx_word' id='word_1_89' title='bbox 932 1679 1199 1758; x_wconf 62' lang='lat' dir='ltr'><strong>existimabant,</strong></span> <span class='ocrx_word' id='word_1_90' title='bbox 1220 1684 1331 1767; x_wconf 80' lang='lat' dir='ltr'><strong>legatos</strong></span> 
     </span>
     <span class='ocr_line' id='line_1_16' title="bbox 346 1781 1333 1869; baseline 0.004 -25"><span class='ocrx_word' id='word_1_91' title='bbox 346 1785 385 1849; x_wconf 90' lang='lat' dir='ltr'><strong>in</strong></span> <span class='ocrx_word' id='word_1_92' title='bbox 409 1782 605 1865; x_wconf 82' lang='lat' dir='ltr'><strong>Bithyniam</strong></span> <span class='ocrx_word' id='word_1_93' title='bbox 634 1782 814 1859; x_wconf 83' lang='lat' dir='ltr'><strong>miserunt,</strong></span> <span class='ocrx_word' id='word_1_94' title='bbox 835 1785 880 1869; x_wconf 61' lang='lat' dir='ltr'><strong>in</strong></span> <span class='ocrx_word' id='word_1_95' title='bbox 910 1781 962 1845; x_wconf 90' lang='lat' dir='ltr'><strong>his</strong></span> <span class='ocrx_word' id='word_1_96' title='bbox 983 1784 1258 1864; x_wconf 86' lang='lat' dir='ltr'><strong>Flamininum,</strong></span> <span class='ocrx_word' id='word_1_97' title='bbox 1285 1788 1333 1869; x_wconf 90' lang='lat' dir='ltr'><strong>qui</strong></span> 
     </span>
     <span class='ocr_line' id='line_1_17' title="bbox 346 1887 1332 1974; baseline 0.001 -22"><span class='ocrx_word' id='word_1_98' title='bbox 346 1912 366 1952; x_wconf 84' lang='lat' dir='ltr'><strong>a</strong></span> <span class='ocrx_word' id='word_1_99' title='bbox 386 1909 460 1974; x_wconf 82' lang='lat' dir='ltr'><strong>rege</strong></span> <span class='ocrx_word' id='word_1_100' title='bbox 481 1904 646 1971; x_wconf 81' lang='lat' dir='ltr'><strong>peterent,</strong></span> <span class='ocrx_word' id='word_1_101' title='bbox 670 1908 713 1950; x_wconf 91' lang='lat' dir='ltr'><strong>ne</strong></span> <span class='ocrx_word' id='word_1_102' title='bbox 736 1887 1009 1951; x_wconf 83' lang='lat' dir='ltr'><strong>inimicissimum</strong></span> <span class='ocrx_word' id='word_1_103' title='bbox 1028 1907 1139 1955; x_wconf 86' lang='lat' dir='ltr'><strong>suum</strong></span> <span class='ocrx_word' id='word_1_104' title='bbox 1158 1913 1275 1956; x_wconf 81' lang='lat' dir='ltr'><strong>secum</strong></span> <span class='ocrx_word' id='word_1_105' title='bbox 1292 1893 1332 1954; x_wconf 78' lang='lat' dir='ltr'><strong>ha·</strong></span> 
     </span>
     <span class='ocr_line' id='line_1_18' title="bbox 288 1992 1332 2080; baseline -0.004 -18"><span class='ocrx_word' id='word_1_106' title='bbox 288 1996 320 2062; x_wconf 81' lang='grc'><strong>3.</strong></span> <span class='ocrx_word' id='word_1_107' title='bbox 347 1998 457 2072; x_wconf 81' lang='lat' dir='ltr'><strong>beret,</strong></span> <span class='ocrx_word' id='word_1_108' title='bbox 485 1994 619 2077; x_wconf 84' lang='lat' dir='ltr'><strong>sibique</strong></span> <span class='ocrx_word' id='word_1_109' title='bbox 646 1994 790 2056; x_wconf 82' lang='lat' dir='ltr'><strong>dederet.</strong></span> <span class='ocrx_word' id='word_1_110' title='bbox 830 1992 897 2054; x_wconf 86' lang='lat' dir='ltr'><strong>Hic</strong></span> <span class='ocrx_word' id='word_1_111' title='bbox 926 1992 1060 2054; x_wconf 86' lang='lat' dir='ltr'><strong>Prusias</strong></span> <span class='ocrx_word' id='word_1_112' title='bbox 1092 2016 1225 2080; x_wconf 79' lang='lat' dir='ltr'><strong>negare</strong></span> <span class='ocrx_word' id='word_1_113' title='bbox 1251 2016 1332 2061; x_wconf 82' lang='lat' dir='ltr'><strong>ausus</strong></span> 
     </span>
    </p>
   </div>
   <div class='ocr_carea' id='block_1_7' title="bbox 287 2168 1335 2332">
    <p class='ocr_par' dir='ltr' id='par_1_7' title="bbox 287 2168 1335 2332">
     <span class='ocr_line' id='line_1_19' title="bbox 324 2168 1335 2248; baseline -0.011 -22"><span class='ocrx_word' id='word_1_114' title='bbox 324 2190 351 2242; x_wconf 86' lang='lat'><strong>7.</strong></span> <span class='ocrx_word' id='word_1_115' title='bbox 376 2173 558 2245; x_wconf 77' lang='lat' dir='ltr'><strong>pedestribus</strong></span> <span class='ocrx_word' id='word_1_116' title='bbox 577 2169 682 2241; x_wconf 79' lang='lat' dir='ltr'><strong>copiis]</strong></span> <span class='ocrx_word' id='word_1_117' title='bbox 718 2172 782 2226; x_wconf 86' lang='lat' dir='ltr'><strong>Mit</strong></span> <span class='ocrx_word' id='word_1_118' title='bbox 799 2168 855 2225; x_wconf 78' lang='lat' dir='ltr'><strong>den</strong></span> <span class='ocrx_word' id='word_1_119' title='bbox 872 2169 1101 2240; x_wconf 78' lang='lat' dir='ltr'><strong>Landtruppen,</strong></span> <span class='ocrx_word' id='word_1_120' title='bbox 1121 2176 1168 2228; x_wconf 79' lang='lat' dir='ltr'><strong>im</strong></span> <span class='ocrx_word' id='word_1_121' title='bbox 1187 2175 1335 2248; x_wconf 58' lang='lat' dir='ltr'><strong>(gemm,</strong></span> 
     </span>
     <span class='ocr_line' id='line_1_20' title="bbox 287 2256 1081 2332; baseline -0.006 -18"><span class='ocrx_word' id='word_1_122' title='bbox 287 2279 344 2314; x_wconf 81' lang='lat' dir='ltr'><strong>son</strong></span> <span class='ocrx_word' id='word_1_123' title='bbox 366 2260 417 2314; x_wconf 84' lang='lat' dir='ltr'><strong>des</strong></span> <span class='ocrx_word' id='word_1_124' title='bbox 434 2260 541 2313; x_wconf 83' lang='lat' dir='ltr'><strong>FIotte.</strong></span> <span class='ocrx_word' id='word_1_125' title='bbox 576 2259 647 2313; x_wconf 85' lang='lat' dir='ltr'><strong>Man</strong></span> <span class='ocrx_word' id='word_1_126' title='bbox 665 2256 731 2311; x_wconf 86' lang='lat' dir='ltr'><strong>sehe</strong></span> <span class='ocrx_word' id='word_1_127' title='bbox 748 2274 784 2310; x_wconf 82' lang='lat' dir='ltr'><strong>stt</strong></span> <span class='ocrx_word' id='word_1_128' title='bbox 800 2257 1000 2332; x_wconf 71' lang='lat' dir='ltr'><strong>Atett.v111‚</strong></span> <span class='ocrx_word' id='word_1_129' title='bbox 1024 2276 1049 2309; x_wconf 87' lang='lat'><strong>1.</strong></span> <span class='ocrx_word' id='word_1_130' title='bbox 1077 2310 1081 2319; x_wconf 81' lang='grc'>,</span> 
     </span>
    </p>
   </div>
   <div class='ocr_carea' id='block_1_8' title="bbox 286 2395 1346 3251">
    <p class='ocr_par' dir='ltr' id='par_1_8' title="bbox 286 2395 1346 3251">
     <span class='ocr_line' id='line_1_21' title="bbox 323 2395 1337 2476; baseline 0.002 -23"><span class='ocrx_word' id='word_1_131' title='bbox 323 2400 389 2453; x_wconf 82' lang='lat' dir='ltr'><strong>Xll.</strong></span> <span class='ocrx_word' id='word_1_132' title='bbox 427 2420 450 2451; x_wconf 81' lang='lat' dir='ltr'><strong>a.</strong></span> <span class='ocrx_word' id='word_1_133' title='bbox 476 2396 682 2467; x_wconf 84' lang='lat' dir='ltr'><strong>Consularem]</strong></span> <span class='ocrx_word' id='word_1_134' title='bbox 718 2396 805 2476; x_wconf 80' lang='lat' dir='ltr'><strong>Nicht</strong></span> <span class='ocrx_word' id='word_1_135' title='bbox 825 2395 995 2465; x_wconf 78' lang='lat' dir='ltr'><strong>Consulem,</strong></span> <span class='ocrx_word' id='word_1_136' title='bbox 1012 2401 1067 2450; x_wconf 76' lang='lat' dir='ltr'><strong>wie</strong></span> <span class='ocrx_word' id='word_1_137' title='bbox 1087 2403 1119 2452; x_wconf 85' lang='lat' dir='ltr'><strong>in</strong></span> <span class='ocrx_word' id='word_1_138' title='bbox 1138 2404 1261 2474; x_wconf 75' lang='lat' dir='ltr'><strong>einigen</strong></span> <span class='ocrx_word' id='word_1_139' title='bbox 1273 2403 1337 2457; x_wconf 77' lang='lat' dir='ltr'><strong>dns·</strong></span> 
     </span>
     <span class='ocr_line' id='line_1_22' title="bbox 287 2470 1339 2554; baseline 0.005 -19"><span class='ocrx_word' id='word_1_140' title='bbox 287 2485 379 2554; x_wconf 76' lang='lat' dir='ltr'><strong>geben</strong></span> <span class='ocrx_word' id='word_1_141' title='bbox 406 2478 508 2536; x_wconf 48' lang='lat' dir='ltr'><strong>steht(</strong></span> <span class='ocrx_word' id='word_1_142' title='bbox 533 2470 612 2536; x_wconf 70' lang='lat' dir='ltr'><strong>latete</strong></span> <span class='ocrx_word' id='word_1_143' title='bbox 634 2483 749 2537; x_wconf 84' lang='lat' dir='ltr'><strong>beweist</strong></span> <span class='ocrx_word' id='word_1_144' title='bbox 774 2481 864 2536; x_wconf 85' lang='lat' dir='ltr'><strong>neben</strong></span> <span class='ocrx_word' id='word_1_145' title='bbox 890 2480 940 2536; x_wconf 84' lang='lat' dir='ltr'><strong>des</strong></span> <span class='ocrx_word' id='word_1_146' title='bbox 962 2482 1151 2552; x_wconf 86' lang='lat' dir='ltr'><strong>Gescbichte,</strong></span> <span class='ocrx_word' id='word_1_147' title='bbox 1183 2490 1294 2544; x_wconf 79' lang='lat' dir='ltr'><strong>welche</strong></span> <span class='ocrx_word' id='word_1_148' title='bbox 1314 2493 1339 2540; x_wconf 85' lang='lat' dir='ltr'><strong>ia</strong></span> 
     </span>
     <span class='ocr_line' id='line_1_23' title="bbox 286 2565 1341 2639; baseline 0.006 -18"><span class='ocrx_word' id='word_1_149' title='bbox 286 2570 393 2622; x_wconf 81' lang='lat' dir='ltr'><strong>diesem</strong></span> <span class='ocrx_word' id='word_1_150' title='bbox 413 2569 497 2620; x_wconf 82' lang='lat' dir='ltr'><strong>Jebre</strong></span> <span class='ocrx_word' id='word_1_151' title='bbox 518 2565 584 2632; x_wconf 81' lang='lat'><strong><em>(570</em></strong></span> <span class='ocrx_word' id='word_1_152' title='bbox 603 2569 634 2622; x_wconf 89' lang='lat' dir='ltr'><strong>P.</strong></span> <span class='ocrx_word' id='word_1_153' title='bbox 657 2569 693 2622; x_wconf 88' lang='lat' dir='ltr'><strong>U.</strong></span> <span class='ocrx_word' id='word_1_154' title='bbox 714 2567 760 2639; x_wconf 90' lang='lat' dir='ltr'><strong>C.)</strong></span> <span class='ocrx_word' id='word_1_155' title='bbox 785 2568 840 2622; x_wconf 87' lang='lat' dir='ltr'><strong>deu</strong></span> <span class='ocrx_word' id='word_1_156' title='bbox 864 2570 910 2625; x_wconf 81' lang='lat' dir='ltr'><strong>M.</strong></span> <span class='ocrx_word' id='word_1_157' title='bbox 928 2567 1067 2622; x_wconf 81' lang='lat' dir='ltr'><strong>Claudius</strong></span> <span class='ocrx_word' id='word_1_158' title='bbox 1087 2573 1265 2627; x_wconf 81' lang='lat' dir='ltr'><strong>Marcellus</strong></span> <span class='ocrx_word' id='word_1_159' title='bbox 1288 2571 1341 2626; x_wconf 86' lang='lat' dir='ltr'><strong>uad</strong></span> 
     </span>
     <span class='ocr_line' id='line_1_24' title="bbox 287 2651 1341 2725; baseline 0.008 -21"><span class='ocrx_word' id='word_1_160' title='bbox 287 2655 326 2725; x_wconf 81' lang='lat' dir='ltr'><strong>Q.</strong></span> <span class='ocrx_word' id='word_1_161' title='bbox 352 2652 460 2705; x_wconf 80' lang='lat' dir='ltr'><strong>Fabius</strong></span> <span class='ocrx_word' id='word_1_162' title='bbox 487 2652 582 2706; x_wconf 80' lang='lat' dir='ltr'><strong>Labeo</strong></span> <span class='ocrx_word' id='word_1_163' title='bbox 610 2651 652 2705; x_wconf 87' lang='lat' dir='ltr'><strong>uls</strong></span> <span class='ocrx_word' id='word_1_164' title='bbox 679 2653 807 2707; x_wconf 80' lang='lat' dir='ltr'><strong>Consulit</strong></span> <span class='ocrx_word' id='word_1_165' title='bbox 835 2655 953 2723; x_wconf 80' lang='lat' dir='ltr'><strong>angibt,</strong></span> <span class='ocrx_word' id='word_1_166' title='bbox 984 2653 1034 2707; x_wconf 86' lang='lat' dir='ltr'><strong>das</strong></span> <span class='ocrx_word' id='word_1_167' title='bbox 1061 2655 1200 2725; x_wconf 72' lang='lat' dir='ltr'><strong>folgende</strong></span> <span class='ocrx_word' id='word_1_168' title='bbox 1226 2659 1341 2712; x_wconf 83' lang='lat' dir='ltr'><strong>detulit.</strong></span> 
     </span>
     <span class='ocr_line' id='line_1_25' title="bbox 290 2732 1343 2809; baseline 0.002 -15"><span class='ocrx_word' id='word_1_169' title='bbox 290 2739 384 2795; x_wconf 84' lang='lat' dir='ltr'><strong>Wiire</strong></span> <span class='ocrx_word' id='word_1_170' title='bbox 404 2740 540 2809; x_wconf 86' lang='lat' dir='ltr'><strong>Quintius</strong></span> <span class='ocrx_word' id='word_1_171' title='bbox 560 2737 688 2792; x_wconf 82' lang='lat' dir='ltr'><strong>demuhlt</strong></span> <span class='ocrx_word' id='word_1_172' title='bbox 710 2738 817 2793; x_wconf 84' lang='lat' dir='ltr'><strong>Consul</strong></span> <span class='ocrx_word' id='word_1_173' title='bbox 843 2755 984 2808; x_wconf 72' lang='lat' dir='ltr'><strong>genesen,</strong></span> <span class='ocrx_word' id='word_1_174' title='bbox 1010 2756 1041 2792; x_wconf 88' lang='lat' dir='ltr'><strong>so</strong></span> <span class='ocrx_word' id='word_1_175' title='bbox 1064 2732 1168 2795; x_wconf 69' lang='lat' dir='ltr'><strong>mititte</strong></span> <span class='ocrx_word' id='word_1_176' title='bbox 1188 2761 1220 2797; x_wconf 88' lang='lat' dir='ltr'><strong>es</strong></span> <span class='ocrx_word' id='word_1_177' title='bbox 1241 2746 1343 2798; x_wconf 86' lang='lat' dir='ltr'><strong>retulit</strong></span> 
     </span>
     <span class='ocr_line' id='line_1_26' title="bbox 286 2818 1342 2898; baseline 0 -16"><span class='ocrx_word' id='word_1_178' title='bbox 286 2825 405 2882; x_wconf 88' lang='lat' dir='ltr'><strong>heissen.</strong></span> <span class='ocrx_word' id='word_1_179' title='bbox 441 2825 526 2879; x_wconf 85' lang='lat' dir='ltr'><strong>Denn</strong></span> <span class='ocrx_word' id='word_1_180' title='bbox 550 2818 640 2877; x_wconf 83' lang='lat' dir='ltr'><strong>die&#39;ses</strong></span> <span class='ocrx_word' id='word_1_181' title='bbox 667 2829 704 2877; x_wconf 90' lang='lat' dir='ltr'><strong>ist</strong></span> <span class='ocrx_word' id='word_1_182' title='bbox 729 2823 778 2878; x_wconf 83' lang='lat' dir='ltr'><strong>dae</strong></span> <span class='ocrx_word' id='word_1_183' title='bbox 802 2826 926 2879; x_wconf 82' lang='lat' dir='ltr'><strong>Verbum</strong></span> <span class='ocrx_word' id='word_1_184' title='bbox 949 2829 1093 2898; x_wconf 79' lang='lat' dir='ltr'><strong>propriam</strong></span> <span class='ocrx_word' id='word_1_185' title='bbox 1121 2844 1186 2878; x_wconf 84' lang='lat' dir='ltr'><strong>vam</strong></span> <span class='ocrx_word' id='word_1_186' title='bbox 1210 2829 1342 2896; x_wconf 80' lang='lat' dir='ltr'><strong>Consul,</strong></span> 
     </span>
     <span class='ocr_line' id='line_1_27' title="bbox 287 2908 1346 2980; baseline 0.003 -15"><span class='ocrx_word' id='word_1_187' title='bbox 287 2913 409 2966; x_wconf 76' lang='lat' dir='ltr'><strong>welches</strong></span> <span class='ocrx_word' id='word_1_188' title='bbox 432 2910 496 2966; x_wconf 88' lang='lat' dir='ltr'><strong>dem</strong></span> <span class='ocrx_word' id='word_1_189' title='bbox 520 2912 604 2966; x_wconf 80' lang='lat' dir='ltr'><strong>Senes</strong></span> <span class='ocrx_word' id='word_1_190' title='bbox 623 2927 707 2965; x_wconf 79' lang='lat' dir='ltr'><strong>etwas</strong></span> <span class='ocrx_word' id='word_1_191' title='bbox 732 2912 868 2980; x_wconf 67' lang='lat' dir='ltr'><strong>vostrigt.</strong></span> <span class='ocrx_word' id='word_1_192' title='bbox 903 2911 1056 2980; x_wconf 79' lang='lat' dir='ltr'><strong>Uebrigeos</strong></span> <span class='ocrx_word' id='word_1_193' title='bbox 1072 2925 1137 2978; x_wconf 74' lang='lat' dir='ltr'><strong>meg</strong></span> <span class='ocrx_word' id='word_1_194' title='bbox 1153 2908 1207 2962; x_wconf 83' lang='lat' dir='ltr'><strong>der</strong></span> <span class='ocrx_word' id='word_1_195' title='bbox 1228 2912 1346 2968; x_wconf 57' lang='lat' dir='ltr'><strong>untes»</strong></span> 
     </span>
     <span class='ocr_line' id='line_1_28' title="bbox 289 2995 1345 3069; baseline -0.001 -16"><span class='ocrx_word' id='word_1_196' title='bbox 289 2998 400 3068; x_wconf 87' lang='lat' dir='ltr'><strong>schied,</strong></span> <span class='ocrx_word' id='word_1_197' title='bbox 419 2998 544 3052; x_wconf 81' lang='lat' dir='ltr'><strong>welchen</strong></span> <span class='ocrx_word' id='word_1_198' title='bbox 557 2998 713 3051; x_wconf 85' lang='lat' dir='ltr'><strong>Torreuius</strong></span> <span class='ocrx_word' id='word_1_199' title='bbox 727 2995 779 3069; x_wconf 76' lang='lat' dir='ltr'><strong>bey</strong></span> <span class='ocrx_word' id='word_1_200' title='bbox 791 2996 929 3053; x_wconf 83' lang='lat' dir='ltr'><strong>Valerius</strong></span> <span class='ocrx_word' id='word_1_201' title='bbox 944 2998 1095 3050; x_wconf 77' lang='lat' dir='ltr'><strong>Maximus</strong></span> <span class='ocrx_word' id='word_1_202' title='bbox 1109 2995 1141 3063; x_wconf 80' lang='lat' dir='ltr'><strong>l,</strong></span> <span class='ocrx_word' id='word_1_203' title='bbox 1162 3015 1193 3061; x_wconf 84' lang='lat' dir='ltr'><strong>i,</strong></span> <span class='ocrx_word' id='word_1_204' title='bbox 1213 3006 1243 3063; x_wconf 77' lang='lat'><strong>5.</strong></span> <span class='ocrx_word' id='word_1_205' title='bbox 1263 2997 1345 3052; x_wconf 81' lang='lat' dir='ltr'><strong>lest-</strong></span> 
     </span>
     <span class='ocr_line' id='line_1_29' title="bbox 289 3080 1341 3155; baseline 0.003 -20"><span class='ocrx_word' id='word_1_206' title='bbox 289 3097 375 3150; x_wconf 78' lang='lat' dir='ltr'><strong>uetet,</strong></span> <span class='ocrx_word' id='word_1_207' title='bbox 400 3084 504 3153; x_wconf 72' lang='lat' dir='ltr'><strong>sichtlg</strong></span> <span class='ocrx_word' id='word_1_208' title='bbox 525 3080 602 3155; x_wconf 73' lang='lat' dir='ltr'><strong>seyn.</strong></span> <span class='ocrx_word' id='word_1_209' title='bbox 638 3081 763 3155; x_wconf 83' lang='lat' dir='ltr'><strong>Deferrt</strong></span> <span class='ocrx_word' id='word_1_210' title='bbox 781 3096 843 3149; x_wconf 82' lang='lat' dir='ltr'><strong>res,</strong></span> <span class='ocrx_word' id='word_1_211' title='bbox 863 3094 924 3152; x_wconf 80' lang='lat' dir='ltr'><strong>segt</strong></span> <span class='ocrx_word' id='word_1_212' title='bbox 942 3099 987 3148; x_wconf 86' lang='lat' dir='ltr'><strong>er,</strong></span> <span class='ocrx_word' id='word_1_213' title='bbox 1006 3082 1041 3136; x_wconf 79' lang='lat' dir='ltr'><strong>ad</strong></span> <span class='ocrx_word' id='word_1_214' title='bbox 1060 3096 1189 3136; x_wconf 73' lang='lat' dir='ltr'><strong>senatum</strong></span> <span class='ocrx_word' id='word_1_215' title='bbox 1212 3080 1341 3154; x_wconf 82' lang='lat' dir='ltr'><strong>dieitur,</strong></span> 
     </span>
     <span class='ocr_line' id='line_1_30' title="bbox 288 3162 1323 3251; baseline 0.004 -30"><span class='ocrx_word' id='word_1_216' title='bbox 288 3187 349 3240; x_wconf 75' lang='lat' dir='ltr'><strong>qen</strong></span> <span class='ocrx_word' id='word_1_217' title='bbox 368 3169 410 3223; x_wconf 84' lang='lat' dir='ltr'><strong>illi</strong></span> <span class='ocrx_word' id='word_1_218' title='bbox 429 3168 621 3251; x_wconf 73' lang='lat' dir='ltr'><strong>significetur,</strong></span> <span class='ocrx_word' id='word_1_219' title='bbox 643 3162 876 3239; x_wconf 74' lang='lat' dir='ltr'><strong>referii,·quum</strong></span> <span class='ocrx_word' id='word_1_220' title='bbox 895 3182 1008 3222; x_wconf 83' lang='lat' dir='ltr'><strong>senatus</strong></span> <span class='ocrx_word' id='word_1_221' title='bbox 1027 3167 1061 3222; x_wconf 88' lang='lat' dir='ltr'><strong>de</strong></span> <span class='ocrx_word' id='word_1_222' title='bbox 1079 3167 1127 3220; x_wconf 83' lang='lat' dir='ltr'><strong>ille</strong></span> <span class='ocrx_word' id='word_1_223' title='bbox 1146 3169 1323 3225; x_wconf 80' lang='lat' dir='ltr'><strong>consulitur.</strong></span> 
     </span>
    </p>
   </div>
   <div class='ocr_carea' id='block_1_9' title="bbox 284 3287 1340 3963">
    <p class='ocr_par' dir='ltr' id='par_1_9' title="bbox 284 3287 1340 3963">
     <span class='ocr_line' id='line_1_31' title="bbox 323 3287 1340 3362; baseline -0.005 -17"><span class='ocrx_word' id='word_1_224' title='bbox 323 3309 350 3346; x_wconf 77' lang='lat' dir='ltr'><strong>a.</strong></span> <span class='ocrx_word' id='word_1_225' title='bbox 376 3292 485 3362; x_wconf 77' lang='lat' dir='ltr'><strong>sibique</strong></span> <span class='ocrx_word' id='word_1_226' title='bbox 503 3287 637 3359; x_wconf 77' lang='lat' dir='ltr'><strong>dederet]</strong></span> <span class='ocrx_word' id='word_1_227' title='bbox 673 3287 792 3340; x_wconf 83' lang='lat' dir='ltr'><strong>Lambin</strong></span> <span class='ocrx_word' id='word_1_228' title='bbox 813 3301 899 3341; x_wconf 83' lang='lat' dir='ltr'><strong>setste</strong></span> <span class='ocrx_word' id='word_1_229' title='bbox 921 3296 953 3339; x_wconf 89' lang='lat' dir='ltr'><strong>ut</strong></span> <span class='ocrx_word' id='word_1_230' title='bbox 978 3288 1080 3354; x_wconf 75' lang='lat' dir='ltr'><strong>hines,</strong></span> <span class='ocrx_word' id='word_1_231' title='bbox 1103 3288 1219 3359; x_wconf 76' lang='lat' dir='ltr'><strong>sibique</strong></span> <span class='ocrx_word' id='word_1_232' title='bbox 1238 3299 1273 3342; x_wconf 88' lang='lat' dir='ltr'><strong>ut</strong></span> <span class='ocrx_word' id='word_1_233' title='bbox 1290 3289 1340 3341; x_wconf 79' lang='lat' dir='ltr'><strong>de·</strong></span> 
     </span>
     <span class='ocr_line' id='line_1_32' title="bbox 289 3371 1336 3446; baseline 0 -18"><span class='ocrx_word' id='word_1_234' title='bbox 289 3375 385 3442; x_wconf 81' lang='lat' dir='ltr'><strong>deret,</strong></span> <span class='ocrx_word' id='word_1_235' title='bbox 403 3376 467 3430; x_wconf 76' lang='lat' dir='ltr'><strong>nell</strong></span> <span class='ocrx_word' id='word_1_236' title='bbox 485 3373 536 3428; x_wconf 85' lang='lat' dir='ltr'><strong>dus</strong></span> <span class='ocrx_word' id='word_1_237' title='bbox 548 3371 783 3442; x_wconf 80' lang='lat' dir='ltr'><strong>Vosbergebende</strong></span> <span class='ocrx_word' id='word_1_238' title='bbox 803 3373 881 3427; x_wconf 86' lang='lat' dir='ltr'><strong>nicbt</strong></span> <span class='ocrx_word' id='word_1_239' title='bbox 901 3374 1012 3428; x_wconf 74' lang='lat' dir='ltr'><strong>hiether</strong></span> <span class='ocrx_word' id='word_1_240' title='bbox 1029 3391 1120 3446; x_wconf 82' lang='lat' dir='ltr'><strong>passe.</strong></span> <span class='ocrx_word' id='word_1_241' title='bbox 1151 3374 1256 3429; x_wconf 76' lang='lat' dir='ltr'><strong>Allein</strong></span> <span class='ocrx_word' id='word_1_242' title='bbox 1269 3376 1336 3430; x_wconf 83' lang='lat' dir='ltr'><strong>dieis</strong></span> 
     </span>
     <span class='ocr_line' id='line_1_33' title="bbox 286 3458 1334 3533; baseline -0.001 -17"><span class='ocrx_word' id='word_1_243' title='bbox 286 3469 325 3517; x_wconf 86' lang='lat' dir='ltr'><strong>ist</strong></span> <span class='ocrx_word' id='word_1_244' title='bbox 343 3479 414 3533; x_wconf 80' lang='lat' dir='ltr'><strong>gena</strong></span> <span class='ocrx_word' id='word_1_245' title='bbox 431 3460 582 3529; x_wconf 67' lang='lat' dir='ltr'><strong>uundthig.</strong></span> <span class='ocrx_word' id='word_1_246' title='bbox 617 3460 688 3513; x_wconf 84' lang='lat' dir='ltr'><strong>Men</strong></span> <span class='ocrx_word' id='word_1_247' title='bbox 706 3459 781 3512; x_wconf 84' lang='lat' dir='ltr'><strong>mass</strong></span> <span class='ocrx_word' id='word_1_248' title='bbox 805 3476 856 3513; x_wconf 85' lang='lat' dir='ltr'><strong>eut</strong></span> <span class='ocrx_word' id='word_1_249' title='bbox 882 3458 946 3512; x_wconf 89' lang='lat' dir='ltr'><strong>dem</strong></span> <span class='ocrx_word' id='word_1_250' title='bbox 974 3459 1228 3531; x_wconf 69' lang='lat' dir='ltr'><strong>vorhergebenden</strong></span> <span class='ocrx_word' id='word_1_251' title='bbox 1249 3481 1286 3515; x_wconf 87' lang='lat' dir='ltr'><strong>ae</strong></span> <span class='ocrx_word' id='word_1_252' title='bbox 1301 3488 1334 3503; x_wconf 88' lang='lat'>-</span> 
     </span>
     <span class='ocr_line' id='line_1_34' title="bbox 286 3544 1334 3619; baseline 0 -17"><span class='ocrx_word' id='word_1_253' title='bbox 286 3559 321 3603; x_wconf 88' lang='lat' dir='ltr'><strong>ut</strong></span> <span class='ocrx_word' id='word_1_254' title='bbox 338 3549 486 3617; x_wconf 72' lang='lat' dir='ltr'><strong>ergiineea.</strong></span> <span class='ocrx_word' id='word_1_255' title='bbox 522 3548 558 3602; x_wconf 83' lang='lat' dir='ltr'><strong>So</strong></span> <span class='ocrx_word' id='word_1_256' title='bbox 581 3544 654 3598; x_wconf 84' lang='lat' dir='ltr'><strong>steht</strong></span> <span class='ocrx_word' id='word_1_257' title='bbox 673 3563 703 3599; x_wconf 87' lang='lat' dir='ltr'><strong>es</strong></span> <span class='ocrx_word' id='word_1_258' title='bbox 720 3545 815 3615; x_wconf 72' lang='lat' dir='ltr'><strong>biufig</strong></span> <span class='ocrx_word' id='word_1_259' title='bbox 834 3545 886 3616; x_wconf 79' lang='lat' dir='ltr'><strong>bey</strong></span> <span class='ocrx_word' id='word_1_260' title='bbox 907 3544 961 3598; x_wconf 84' lang='lat' dir='ltr'><strong>deu</strong></span> <span class='ocrx_word' id='word_1_261' title='bbox 981 3546 1334 3619; x_wconf 76' lang='lat' dir='ltr'><strong>bestenScbrilttsellem.</strong></span> 
     </span>
     <span class='ocr_line' id='line_1_35' title="bbox 285 3630 1334 3703; baseline -0.001 -14"><span class='ocrx_word' id='word_1_262' title='bbox 285 3635 336 3689; x_wconf 86' lang='lat' dir='ltr'><strong>Ich</strong></span> <span class='ocrx_word' id='word_1_263' title='bbox 353 3633 414 3689; x_wconf 79' lang='lat' dir='ltr'><strong>still</strong></span> <span class='ocrx_word' id='word_1_264' title='bbox 431 3650 487 3686; x_wconf 81' lang='lat' dir='ltr'><strong>nur</strong></span> <span class='ocrx_word' id='word_1_265' title='bbox 504 3630 635 3700; x_wconf 69' lang='lat' dir='ltr'><strong>fulgendo</strong></span> <span class='ocrx_word' id='word_1_266' title='bbox 654 3649 730 3703; x_wconf 78' lang='lat' dir='ltr'><strong>ewey</strong></span> <span class='ocrx_word' id='word_1_267' title='bbox 749 3631 896 3703; x_wconf 78' lang='lat' dir='ltr'><strong>Beyspiele</strong></span> <span class='ocrx_word' id='word_1_268' title='bbox 920 3648 970 3685; x_wconf 85' lang='lat' dir='ltr'><strong>sus</strong></span> <span class='ocrx_word' id='word_1_269' title='bbox 991 3631 1140 3686; x_wconf 84' lang='lat' dir='ltr'><strong>Cornelius</strong></span> <span class='ocrx_word' id='word_1_270' title='bbox 1168 3632 1262 3689; x_wconf 79' lang='lat' dir='ltr'><strong>selbot</strong></span> <span class='ocrx_word' id='word_1_271' title='bbox 1287 3653 1334 3688; x_wconf 82' lang='lat' dir='ltr'><strong>aa·</strong></span> 
     </span>
     <span class='ocr_line' id='line_1_36' title="bbox 284 3718 1332 3790; baseline -0.003 -15"><span class='ocrx_word' id='word_1_272' title='bbox 284 3721 397 3775; x_wconf 69' lang='lat' dir='ltr'><strong>fabren.</strong></span> <span class='ocrx_word' id='word_1_273' title='bbox 443 3719 585 3772; x_wconf 82' lang='lat' dir='ltr'><strong>Eumenes</strong></span> <span class='ocrx_word' id='word_1_274' title='bbox 607 3719 664 3784; x_wconf 87' lang='lat' dir='ltr'><strong>vl,</strong></span> <span class='ocrx_word' id='word_1_275' title='bbox 688 3737 715 3772; x_wconf 81' lang='lat' dir='ltr'><strong>a.</strong></span> <span class='ocrx_word' id='word_1_276' title='bbox 749 3719 840 3772; x_wconf 80' lang='lat' dir='ltr'><strong>Petitt</strong></span> <span class='ocrx_word' id='word_1_277' title='bbox 869 3718 907 3770; x_wconf 84' lang='lat' dir='ltr'><strong>ab</strong></span> <span class='ocrx_word' id='word_1_278' title='bbox 931 3719 1074 3784; x_wconf 83' lang='lat' dir='ltr'><strong>Eumene,</strong></span> <span class='ocrx_word' id='word_1_279' title='bbox 1102 3735 1139 3771; x_wconf 86' lang='lat' dir='ltr'><strong>ue</strong></span> <span class='ocrx_word' id='word_1_280' title='bbox 1162 3729 1332 3790; x_wconf 77' lang='lat' dir='ltr'><strong>pateretur,</strong></span> 
     </span>
     <span class='ocr_line' id='line_1_37' title="bbox 284 3802 1329 3878; baseline -0.001 -19"><span class='ocrx_word' id='word_1_281' title='bbox 284 3807 410 3874; x_wconf 74' lang='lat' dir='ltr'><strong>Philippi</strong></span> <span class='ocrx_word' id='word_1_282' title='bbox 433 3803 533 3857; x_wconf 75' lang='lat' dir='ltr'><strong>damus</strong></span> <span class='ocrx_word' id='word_1_283' title='bbox 559 3811 589 3855; x_wconf 89' lang='lat' dir='ltr'><strong>et</strong></span> <span class='ocrx_word' id='word_1_284' title='bbox 607 3802 741 3876; x_wconf 74' lang='lat' dir='ltr'><strong>familiis</strong></span> <span class='ocrx_word' id='word_1_285' title='bbox 764 3808 979 3858; x_wconf 82' lang='lat' dir='ltr'><strong>inimicissimos</strong></span> <span class='ocrx_word' id='word_1_286' title='bbox 1002 3811 1123 3874; x_wconf 76' lang='lat' dir='ltr'><strong>stirpem</strong></span> <span class='ocrx_word' id='word_1_287' title='bbox 1149 3824 1267 3878; x_wconf 69' lang='lat' dir='ltr'><strong>quoqu</strong></span> <span class='ocrx_word' id='word_1_288' title='bbox 1288 3811 1329 3858; x_wconf 86' lang='lat' dir='ltr'><strong>in·</strong></span> 
     </span>
     <span class='ocr_line' id='line_1_38' title="bbox 285 3887 1327 3963; baseline 0.001 -20"><span class='ocrx_word' id='word_1_289' title='bbox 285 3898 435 3958; x_wconf 85' lang='lat' dir='ltr'><strong>terimere,</strong></span> <span class='ocrx_word' id='word_1_290' title='bbox 447 3890 656 3963; x_wconf 79' lang='lat' dir='ltr'><strong>ferretque</strong></span> <span class='ocrx_word' id='word_1_291' title='bbox 674 3908 755 3960; x_wconf 84' lang='lat' dir='ltr'><strong>opem</strong></span> <span class='ocrx_word' id='word_1_292' title='bbox 771 3887 871 3942; x_wconf 71' lang='lat' dir='ltr'><strong>itteris</strong></span> <span class='ocrx_word' id='word_1_293' title='bbox 888 3889 1065 3944; x_wconf 69' lang='lat' dir='ltr'><strong>Alexandri.</strong></span> <span class='ocrx_word' id='word_1_294' title='bbox 1101 3897 1229 3951; x_wconf 76' lang='lat' dir='ltr'><strong>Atticus</strong></span> <span class='ocrx_word' id='word_1_295' title='bbox 1246 3895 1287 3958; x_wconf 78' lang='grc' dir='ltr'><strong>Χ,</strong></span> <span class='ocrx_word' id='word_1_296' title='bbox 1303 3902 1327 3956; x_wconf 73' lang='lat' dir='ltr'><strong>t.</strong></span> 
     </span>
    </p>
   </div>
   <div class='ocr_carea' id='block_1_10' title="bbox 168 3978 1327 4050">
    <p class='ocr_par' dir='ltr' id='par_1_10' title="bbox 168 3978 1327 4050">
     <span class='ocr_line' id='line_1_39' title="bbox 168 3978 1327 4050; baseline 0.003 -25"><span class='ocrx_word' id='word_1_297' title='bbox 168 3989 171 3995; x_wconf 92' lang='lat'>·</span> <span class='ocrx_word' id='word_1_298' title='bbox 285 3993 341 4026; x_wconf 85' lang='lat' dir='ltr'><strong>sua</strong></span> <span class='ocrx_word' id='word_1_299' title='bbox 358 3995 447 4029; x_wconf 85' lang='lat' dir='ltr'><strong>mona</strong></span> <span class='ocrx_word' id='word_1_300' title='bbox 463 3981 600 4046; x_wconf 78' lang='lat' dir='ltr'><strong>scripsit,</strong></span> <span class='ocrx_word' id='word_1_301' title='bbox 617 3992 701 4028; x_wconf 88' lang='lat' dir='ltr'><strong>nese</strong></span> <span class='ocrx_word' id='word_1_302' title='bbox 718 3981 850 4046; x_wconf 85' lang='lat' dir='ltr'><strong>timeret,</strong></span> <span class='ocrx_word' id='word_1_303' title='bbox 870 3983 1080 4050; x_wconf 77' lang='lat' dir='ltr'><strong>statimque</strong></span> <span class='ocrx_word' id='word_1_304' title='bbox 1098 3978 1142 4031; x_wconf 80' lang='lat' dir='ltr'><strong>ad</strong></span> <span class='ocrx_word' id='word_1_305' title='bbox 1156 3997 1192 4031; x_wconf 81' lang='lat' dir='ltr'><strong>se</strong></span> <span class='ocrx_word' id='word_1_306' title='bbox 1209 3984 1327 4034; x_wconf 62' lang='lat' dir='ltr'><strong>vemet.</strong></span> 
     </span>
    </p>
   </div>
   <div class='ocr_carea' id='block_1_11' title="bbox 284 4057 864 4149">
    <p class='ocr_par' dir='ltr' id='par_1_11' title="bbox 284 4057 864 4149">
     <span class='ocr_line' id='line_1_40' title="bbox 284 4057 864 4149; baseline 0.01 -35"><span class='ocrx_word' id='word_1_307' title='bbox 284 4057 356 4114; x_wconf 79' lang='lat' dir='ltr'><strong>Mun</strong></span> <span class='ocrx_word' id='word_1_308' title='bbox 373 4063 439 4116; x_wconf 87' lang='lat' dir='ltr'><strong>sebe</strong></span> <span class='ocrx_word' id='word_1_309' title='bbox 457 4080 492 4114; x_wconf 77' lang='lat' dir='ltr'><strong>aa</strong></span> <span class='ocrx_word' id='word_1_310' title='bbox 505 4063 651 4117; x_wconf 79' lang='lat' dir='ltr'><strong>Datames</strong></span> <span class='ocrx_word' id='word_1_311' title='bbox 666 4063 724 4132; x_wconf 79' lang='lat' dir='ltr'><strong>Vl,</strong></span> <span class='ocrx_word' id='word_1_312' title='bbox 740 4072 768 4133; x_wconf 75' lang='lat'><strong>4·</strong></span> <span class='ocrx_word' id='word_1_313' title='bbox 861 4143 864 4149; x_wconf 24' lang='grc' dir='ltr'>Ι</span> 
     </span>
    </p>
   </div>
   <div class='ocr_carea' id='block_1_12' title="bbox 0 0 1366 4838">
    <p class='ocr_par' dir='ltr' id='par_1_12' title="bbox 0 0 1366 4838">
     <span class='ocr_line' id='line_1_41' title="bbox 0 0 1366 4838; baseline 0 0"><span class='ocrx_word' id='word_1_314' title='bbox 0 0 1366 4838; x_wconf 95' lang='lat' dir='ltr'><strong> </strong></span> 
     </span>
    </p>
   </div>
  </div>
 </body>
</html>
