2722 4838
273 339 432 404 xum.
450 341 615 403 numana.
657 340 733 424 cap.
753 342 893 409 rur.
929 398 931 403 ,
1045 330 1138 434 ²45.

120 488 181 550 illo
201 508 281 551 usus
300 505 386 565 erat,
406 493 605 553 Alexandro
626 491 725 566 vivo,
746 492 967 573 familiariter)
989 495 1105 577 amplo

58 586 59 590 ¹
123 594 242 657 lunera
262 597 401 669 extulit,
425 615 566 677 ossaque
594 598 631 658 in
653 598 890 661 Macedoniam
913 599 1016 663 uxori
1035 597 1107 682 ejus

123 721 162 781 ac
183 699 296 762 liberis
315 700 452 762 remisit.

368 910 373 921 ·
481 881 596 951 Car.
645 850 702 952 V,

63 1043 94 1085 ι.
122 1024 206 1085 Hac
227 1024 310 1084 dum
333 1024 423 1104 apud
443 1022 709 1105 Hellespontum
729 1037 906 1107 geruntur,
935 1025 1110 1090 Perdiccas

124 1128 214 1208 apud
242 1128 371 1189 llumen
394 1129 517 1217 Nilum
546 1129 744 1191 interficitur
759 1150 779 1190 a
799 1130 938 1192 Seleuco
957 1145 992 1192 et
1010 1130 1111 1195 Anti·

120 1253 233 1311 gono;
266 1253 445 1313 rerumque
474 1252 606 1293 summa
637 1235 678 1294 ad
704 1233 927 1317 Antipatrum
953 1233 1111 1298 defertur.

28 1402 31 1409 ,
124 1337 212 1412 Ηίο,
240 1339 302 1418 qui
321 1339 550 1410 deseruerant,
579 1337 728 1399 exercitu
745 1338 944 1423 suffragium
965 1338 1111 1415 ferente,

122 1441 237 1523 capitis
254 1440 404 1507 absentes
426 1442 641 1510 damnantur.
679 1445 724 1504 ln
741 1443 796 1506 bis
808 1445 992 1508 Eumenes.
1032 1445 1110 1508 Hac

122 1545 184 1608 ille
204 1567 376 1629 percussus
391 1550 486 1632 plaga
507 1568 579 1609 non
599 1548 795 1624 succubuit,
815 1570 929 1630 neque
948 1570 989 1613 eo
1003 1550 1111 1612 secius

63 1667 93 1716 2·
122 1652 252 1714 bellum
273 1653 530 1716 administravit.
571 1653 635 1715 Sed
655 1653 761 1716 exiles
780 1674 830 1716 rea
852 1654 960 1718 animi
982 1653 1111 1738 magni.

125 1757 294 1832 tudinem,
328 1759 391 1821 etsi
411 1779 482 1822 non
507 1760 717 1842 frangebant,
757 1772 870 1821 tamen
897 1759 1112 1822 minuebant.

122 1861 231 1924 Hunc
257 1884 458 1946 persequens
481 1864 695 1946 Antigonus,
730 1884 838 1943 quum
868 1865 964 1925 omni
990 1883 1111 1946 genere
1157 1857 1160 1862 ’

122 1968 290 2047 copiarum
313 1970 513 2044 abundaret,
546 1989 629 2051 saepe
654 1968 691 2029 in
713 1966 889 2029 itineribus
910 1973 1111 2039 vexabatur;
1150 1968 1155 2037 ζ
1226 1987 1227 1990 ’

70 2107 79 2139 ,
125 2090 238 2150 neque
266 2092 429 2152 umquam
459 2076 500 2135 ad
528 2094 669 2136 manum
695 2073 849 2136 accedere
876 2072 1011 2147 licebat,
1044 2070 1112 2134 nisi

63 2169 96 2236 3.
124 2172 177 2234 his
190 2176 288 2250 locis,
309 2176 434 2257 quibus
454 2179 552 2262 pauci
572 2194 707 2260 poscent
720 2177 1015 2239 multisresistere.'
1046 2174 1111 2237 Sed

127 2297 277 2342 extremo
300 2296 464 2366 tempore,
493 2304 602 2365 quum
631 2283 774 2345 consilio
795 2281 868 2365 capi
883 2298 965 2343 'non
986 2294 1113 2364 posset,

96 2457 131 2508 V.
170 2477 195 2511 r.
220 2477 370 2530 rerumque
395 2459 523 2530 summa]
573 2462 628 2514 Die
650 2460 760 2513 uberate
775 2461 899 2530 ¹Leitung
916 2458 966 2512 der
984 2457 1110 2527 ringele-

65 2543 232 2611 genbeiten,
249 2545 295 2599 die
316 2547 548 2619 Regentscliast,
565 2551 618 2599 wie
639 2563 704 2599 rusa
724 2545 784 2598 sich
805 2546 924 2599 hauteu
946 2546 1022 2613 Tage
1041 2561 1112 2599 aus·

64 2627 190 2681 drttclsen
210 2631 315 2685 ur'rrde.
361 2632 561 2700 DieStellung
581 2630 696 2701 stumea
714 2631 816 2684 ,uittam
841 2635 878 2684 ist
901 2630 1112 2699 regclmiisriger

63 2713 106 2765 als
131 2716 233 2768 Nilum
252 2716 382 2787 flumen,
414 2736 471 2772 naa
496 2718 556 2770 sich
582 2722 613 2768 in
638 2716 745 2771 andern
766 2716 989 2770 *Handscbril'ten
1014 2715 1112 2768 findet.

63 2799 123 2853 Der
139 2802 386 2873 Gattungsnahme
403 2803 473 2858 uird
492 2804 555 2855 dem
575 2806 690 2871 eigcuen
709 2802 839 2854 Nahnien
856 2813 1021 2869 vorgesetzt.

149 2913 317 2983 permissus]
363 2915 488 2967 Warutn
514 2913 559 2964 ich
583 2912 647 2964 bier
673 2911 746 2962 nach
765 2911 882 2962 Lambiu
909 2907 999 2961 dieses
1021 2906 1114 2963 Wcrt

64 3011 133 3050 statt
157 3002 306 3065 perculsus
331 2999 548 3065 ausgenommen
573 2996 660 3058 habe,
691 2994 766 3045 lehrc
794 2995 839 3044 die
867 2994 1052 3062 Anmsrltung
1077 3012 1113 3049 au

63 3069 145 3135 Diua
160 3087 200 3146 V,
220 3094 249 3146 5.
292 3084 347 3134 Ein
367 3081 485 3147 Scblag,
514 3080 578 3130 dein
606 3079 651 3130 icb
679 3078 759 3130 nicht
778 3078 949 3147 unterliege,
974 3096 1059 3134 πεπυ
1080 3097 1112 3133 er

64 3169 140 3220 mich
160 3168 246 3219 achon
265 3165 330 3217 bart
347 3165 435 3227 trillt,
457 3169 586 3232 percutit
604 3182 662 3215 non
677 3164 821 3232 percellit.
867 3164 921 3216 Die
945 3163 1111 3236 portendere

65 3252 168 3316 Stella,
194 3268 302 3304 warum
321 3251 381 3303 bier
404 3250 498 3319 plaga
522 3250 672 3318 perculsus
694 3249 774 3301 nicht
791 3248 866 3300 wohl
885 3250 983 3302 ttebeu
999 3251 1112 3319 kenne,

65 3336 125 3404 gibt
144 3354 197 3388 uns
217 3338 315 3389 Cicero
335 3337 418 3390 Tusc.
436 3336 495 3399 111,
514 3346 559 3400 ²9·
596 3336 782 3387 Existimant
803 3339 894 3402 caim,
913 3332 970 3386 diis
990 3339 1113 3387 immor·

67 3422 177 3472 talibus
189 3440 218 3473 se
232 3421 363 3495 jacilius
375 3420 606 3494 satisfacturos,
624 3427 664 3487 si,
685 3437 782 3472 corum
795 3421 915 3491 plaga
929 3423 1113 3491 perculsi,

65 3504 528 3578 afflictosssetstratoe
546 3524 606 3558 esse
624 3511 765 3560 sentiant.

99 3664 127 3701 a.
146 3649 241 3733 ‘Hunc
256 3665 428 3717 persequens
436 3677 471 3689 -
479 3665 564 3715 qitum
573 3675 607 3687 -
619 3644 799 3718 abrurdaret]
834 3645 974 3701 Ostenbar
996 3653 1033 3702 ist
1047 3648 1109 3702 hier

66 3752 152 3802 prium
171 3751 202 3787 so
222 3734 277 3786 viel
295 3733 337 3786 als
355 3738 425 3800 etsi,
449 3733 521 3786 auch
545 3749 627 3783 uenu
653 3740 753 3784 tamen
776 3732 857 3787 nicht
881 3733 962 3805 solgt.
999 3737 1113 3788 Aristi-

68 3818 118 3871 des
135 3822 177 3873 lll
211 3839 238 3876 π.

155 3859 244 3986 nique
270 3933 404 3984 umquam
427 3942 461 3956 -
485 3919 542 3967 uisi
565 3909 714 3981 historia]
750 3913 902 3967 Vislleicbt
918 3915 1024 3967 libante
1045 3930 1113 3969 meu

67 4001 254 4056 cebiclrlicbcr
271 4001 350 4056 lesen
368 4018 503 4071 usquam,
530 3999 566 4053 da
584 4016 613 4052 et
632 3998 697 4052 dem
719 3998 871 4070 folgenden
896 4000 940 4054 liic
957 4000 1028 4053 locis
1047 4013 1114 4053 cnt-

68 4090 185 4205 tpriclrp.
