2722 4838
66 354 70 363 Ι
119 318 127 323 -
174 309 234 357 ato
413 283 521 348 XVI.
541 284 721 367 Pelopidas.
762 282 840 373 Capu
858 285 896 347 Ι.
914 284 976 349 Π.

232 440 296 500 bus
306 435 500 499 studebant:
520 432 625 514 idque
638 453 700 495 suo
712 432 860 516 privato,
882 457 953 498 non
967 436 1122 520 publico,
1145 437 1232 503 fecit

170 544 203 609 3.
231 540 384 605 consilio.
427 539 508 627 Quo
527 538 615 602 facto
634 559 714 601 eum
736 540 984 604 Lacedaemonii
1005 546 1045 605 ab
1066 546 1228 608 exercitu

231 661 451 710 removerunt
469 644 683 728 pecuniaque
699 646 904 710 multarunt=
926 668 1038 729 neque
1056 669 1097 711 eo
1113 653 1227 735 magis

233 771 343 813 arcem
366 750 538 812 Thebanis
557 749 792 825 reddiderunt,
812 753 906 830 quod
924 754 1082 836 susceptis
1107 754 1230 818 inimi·

230 855 319 917 citiis
347 856 449 918 satius
477 856 645 917 ducebant
665 874 722 915 eos
748 855 913 932 obsideri,
948 877 1049 937 quam
1076 857 1230 921 liberari.

232 959 324 1022 Nam
351 975 426 1044 post
451 958 742 1040 Peloponnesium
769 961 900 1021 bellum
922 960 1144 1041 Athenasque
1171 964 1229 1025 de·

231 1065 337 1127 victas
360 1085 437 1126 cum
457 1063 631 1126 Thebanis
651 1063 716 1125 sibi
735 1083 807 1124 rem
833 1082 904 1125 esse
926 1064 1170 1126 existimabant
1191 1081 1226 1128 et

171 1184 205 1248 4.
232 1187 289 1230 eos
310 1188 380 1230 esse
396 1169 500 1242 solos,
522 1168 583 1248 qui
597 1169 753 1230 adversus
766 1167 914 1231 resistere
930 1170 1102 1230 auderent.
1142 1168 1227 1231 Hac

231 1288 348 1336 mente
375 1272 490 1334 amicis
509 1272 578 1333 suis
601 1292 748 1336 summas
772 1287 945 1355 potestates
966 1275 1142 1349 dederant,
1179 1277 1227 1337 al-

234 1377 406 1457 teriusque
433 1375 588 1438 factionis
619 1378 784 1460 principes
816 1378 937 1459 partim
970 1378 1225 1455 interfecerant,

233 1483 319 1544 alios
345 1482 384 1542 in
414 1481 575 1544 exsilium
602 1481 784 1564 ejecerantz
820 1480 857 1542 in
883 1481 1008 1561 quibus
1036 1484 1224 1564 Pelopidas

233 1584 307 1659 hic,
339 1585 383 1647 de
412 1606 482 1668 quo
510 1587 651 1650 scribere
676 1585 786 1651 exorsi
805 1604 939 1662 sumus,
972 1587 1089 1668 pulsus
1112 1590 1226 1669 patria

234 1693 375 1754 carebat.

595 1876 709 1947 Car.
758 1874 805 1945 11.

176 2034 208 2079 1.
237 2014 291 2080 Hi
317 2036 436 2081 omnes
464 2017 533 2083 sere
554 2017 708 2081 Athenas
735 2037 771 2081 se
798 2017 1026 2089 contulerant,
1053 2034 1226 2095 nonque

233 2137 455 2202 sequerentur
474 2123 600 2198 otium,
632 2124 691 2185 sed
712 2139 766 2202 ut,
802 2144 973 2212 quemque
995 2141 1039 2184 ex
1064 2120 1224 2204 proximo

208 2304 238 2362 5.
265 2312 314 2348 eos
330 2295 472 2364 obsideri]
505 2296 569 2366 Vgl.
588 2298 646 2363 111,
659 2258 692 2362 Ι5.

262 2391 312 2456 qui
337 2385 480 2439 adversus
503 2394 636 2439 resistere
661 2389 820 2461 auderent]
869 2393 950 2444 Auch
973 2392 1036 2445 hier
1054 2392 1128 2446 etebt
1144 2392 1224 2446 noch

179 2469 233 2538 bey
242 2468 307 2519 dem
316 2469 410 2520 Verbo
421 2475 466 2521 eiu
477 2470 666 2536 adverbium,
684 2473 803 2525 welches
817 2476 967 2541 cigentlich
980 2478 1065 2527 schoa
1076 2482 1115 2526 irn
1127 2478 1226 2529 Verbo

174 2551 254 2618 liegt.
288 2551 407 2602 Lambin
425 2552 502 2603 bitte
520 2554 601 2604 keine
617 2554 842 2609 Verdorhenheit
860 2556 907 2608 dee
928 2560 1028 2610 Textes
1046 2560 1225 2623 argwohnen

176 2633 277 2688 cellen.
313 2635 384 2689 Men
403 2636 467 2687 cehe
485 2634 530 2686 dte
547 2638 732 2708 Anmcrkung
749 2657 783 2690 au
801 2640 945 2692 Datames
963 2642 1018 2704 vt,
1039 2659 1063 2690 ι.

212 2761 239 2822 4.
265 2758 378 2823 partim
402 2753 633 2827 interfecerant,
658 2757 734 2808 eliae
757 2756 828 2826 cen]
872 2756 951 2809 Nach
975 2754 1024 2808 der
1046 2771 1222 2825 genauesten

174 2839 382 2895 Punctliehkeit
406 2841 482 2894 bitte
506 2841 570 2894 dem
586 2848 700 2911 partim
718 2842 822 2896 wieder
839 2846 884 2894 ein
899 2848 1011 2910 partim
1031 2842 1222 2911 entsprechen

175 2925 277 2981 eolleu.
320 2926 415 2980 attera
432 2927 467 2980 de
485 2927 536 2981 der
552 2929 687 2982 Gedauke
711 2928 761 2983 tier
779 2929 938 2982 niihmliche
963 2932 1017 2990 ist,
1045 2944 1127 2978 nean
1149 2946 1222 2983 man

176 3012 232 3064 aiii
249 3026 334 3078 estet,
367 3030 399 3065 ιο
416 3014 547 3067 wecheelt
564 3014 722 3068 Cornelius.
768 3015 840 3068 Eine
863 3014 964 3081 Menge
986 3012 1131 3083 beyspiele
1160 3032 1220 3066 von

175 3095 269 3150 dieser
287 3101 340 3151 Art
358 3096 452 3151 finden
471 3100 529 3151 sich
551 3100 603 3171 bey
622 3099 677 3152 tlen
695 3101 793 3154 benten
802 3098 1033 3153 Schriitstellern.
1069 3098 1152 3149 Corte
1168 3099 1221 3152 hat

176 3181 250 3235 tiele
267 3182 319 3254 bey
335 3184 462 3237 Sallusti
482 3185 614 3238 Catilina
632 3205 657 3241 c.
679 3206 704 3244 a.
722 3202 766 3240 ιιο
783 3204 812 3240 ee
830 3183 930 3252 heiist,
955 3200 1028 3252 pars
1049 3187 1219 3251 ingenium,

175 3268 233 3321 etse·
254 3286 357 3338 corpus
373 3271 558 3323 exercebant.
786 3275 796 3293 ·

59 3458 66 3469 ,
211 3409 253 3462 Π.
288 3428 314 3463 ι.
330 3408 384 3461 sed
399 3417 447 3474 ut
464 3428 653 3480 quemque·
618 3412 764 3465 -iocum
775 3409 848 3485 fore
865 3410 1069 3462 obtulisset-
1087 3414 1219 3460 niteren-

6 3534 9 3541 .
110 3496 133 3559 ’,ι
177 3493 245 3563 tur]
279 3494 314 3547 lu
333 3500 444 3564 einigen
462 3498 612 3564 tusgaben
630 3498 702 3552 fehlt
716 3499 779 3552 hier
796 3498 860 3550 echr
875 3495 1019 3563 unrichtig
1035 3493 1085 3546 das
1099 3495 1220 3546 Komma

3 3550 61 3617 ἰζ-’Ψ
67 3554 138 3657 ,eff
177 3579 253 3631 nach
279 3588 322 3633 ut.
368 3580 423 3632 Die
442 3580 638 3651 llersusgeber
656 3584 789 3637 echeinea
814 3590 847 3634 ut
864 3599 899 3633 ιιι
921 3581 1074 3632 obtulisset
1096 3584 1218 3647 gbaogen

50 3692 55 3699 -
79 3682 89 3699 ι
178 3680 214 3714 ιιι
231 3664 334 3719 beben.
377 3664 472 3718 Alleiu
495 3666 566 3719 diest
587 3671 653 3738 geht
671 3671 749 3722 nicht
765 3686 813 3724 ιιι.
859 3646 940 3720 Nech
959 3665 1009 3717 der
1027 3664 1140 3717 Phrasis
1159 3681 1220 3713 non

177 3762 248 3813 quo,
264 3748 318 3800 sed
333 3776 369 3795 -
385 3749 458 3802 male
476 3752 617 3805 eatvredet·
634 3762 668 3806 ut
685 3754 754 3806 oder
771 3750 848 3823 quod
864 3766 970 3820 gesetat
989 3768 1074 3820 eeyn,
1092 3749 1221 3816 jenach-

178 3828 243 3882 dem
261 3832 313 3884 der
328 3834 494 3889 Bndmecit
512 3836 580 3889 oder
597 3837 649 3889 der
662 3837 766 3891 Gruml
777 3855 867 3905 angeg
853 3840 939 3890 oeben
955 3836 1035 3887 wird.
1072 3835 1131 3886 Das
1152 3851 1221 3883 vor·

133 3899 407 3989 ‘bergehendeqea
410 3940 427 3971 o
447 3923 524 3973 kann
543 3921 663 3975 wedcr
654 3942 683 3974 ιιι
702 3923 767 3974 deur
785 3929 867 3974 einen
884 3924 984 3975 noch
978 3941 1006 3972 ιιι
1025 3919 1088 3971 dent
1111 3917 1221 3970 andern

178 3993 255 4048 felt·
272 3999 359 4056 dehita
377 4022 500 4078 gesogea
518 4007 639 4061 werden.
683 4008 881 4061 Vermuthlich
899 4024 958 4061 war
975 4008 1062 4060 ihuea
1083 4018 1218 4075 quemque
