2722 4838
149 282 209 351 138
369 358 373 365 ,
417 280 485 349 ’Χ.
504 283 606 348 Dion.
647 282 726 367 Cap.
745 283 807 347 11.
825 285 913 349 ΙΙΙ.

209 434 330 518 cos'git.
367 432 447 496 Hoc
463 454 548 543 'aeger
566 451 717 518 sumpto,
737 449 778 498 ut
794 456 915 499 somno
934 436 1081 520 sopitus,
1103 439 1199 504 diem

209 539 296 604 obiit
314 554 522 623 supremum.

563 721 666 792 Cin.
716 723 781 793 Ill.

153 883 184 931 r.
211 864 295 926 Tale
325 862 469 926 initium·
494 861 561 924 fuit
592 863 720 926 Dionis
747 878 780 926 et
809 865 972 948 Dionysii
1001 865 1199 943 simultatis,

210 991 317 1049 eaque
341 970 457 1032 multis
486 973 584 1030 rebus
611 985 705 1031 aucta
729 985 789 1055 est.
833 971 907 1057 ¹Sed
935 987 1048 1033 tumen
1079 974 1199 1054 primis

211 1078 416 1158 temporibus
437 1074 649 1154 aliquamdiu
675 1073 833 1135 simulata
848 1056 945 1136 ¹inter
969 1095 1024 1136 eos
1048 1076 1197 1153 amicitia

192 1179 356 1269 mansit„
395 1178 583 1266 Quumque
607 1178 706 1239 Dion
734 1199 807 1239 non
832 1180 1001 1243 desisteret
1028 1184 1197 1244 obsecrate

210 1284 440 1367 Dionysium,
460 1296 500 1346 ut
514 1283 693 1344 Platonem
708 1281 856 1343 Athenis
870 1262 1059 1362 arcesseret,
1077 1299 1109 1346 et
1122 1282 1197 1364 ejus

186 1390 362 1452 'consiliis
382 1404 547 1464 uteretur,
567 1387 643 1461 ille,
674 1384 735 1467 qui
759 1386 796 1447 in
818 1388 932 1466 aliqua
951 1410 986 1450 re
1015 1391 1119 1451 vellet
1143 1409 1196 1470 pa-

151 1512 180 1561 2·
212 1509 294 1556 trem
317 1492 458 1569 imitari,
480 1514 606 1556 morem
631 1492 663 1555 ei
684 1490 793 1574 gessit.
831 1492 1030 1570 Eodemque
1046 1511 1196 1575 ternpore

210 1596 395 1659 Philistum
416 1597 613 1659 historicum
636 1597 809 1678 Syracusas
832 1597 985 1670 reduxit,
1015 1595 1196 1658 hominem

211 1703 360 1764 amicum
381 1724 453 1765 non
473 1702 578 1785 magis
599 1717 756 1785 tyranno,
783 1723 884 1783 quam
907 1700 1088 1784 tyrannidi.
1128 1702 1195 1764 Sed

212 1809 254 1871 de
275 1808 340 1871 hoc
360 1808 397 1870 in
417 1829 457 1871 eo
479 1830 555 1870 meo
576 1808 662 1870 libro
683 1809 780 1891 plura
800 1824 879 1870 sunt
893 1807 1057 1890 exposita,
1077 1806 1197 1887 quide

150 1914 184 1981 3.
213 1914 380 1979 historicis
392 1915 596 1998 conscriptus
611 1929 669 1976 est.
707 1914 807 1976 Plato
827 1928 938 1975 autern
957 1928 1089 1975 tantum
1104 1914 1197 1995 apud

213 2021 425 2103 Dionysium
445 2020 637 2084 auctoritate
651 2019 777 2101 potuit,
798 2019 976 2101 valuitque
992 2019 1196 2100 eloquentia,

211 2141 252 2188 ut
272 2128 305 2188 ei
324 2127 541 2208 persuaserit,
577 2122 763 2206 tyrannidis
787 2124 900 2188 facere.
912 2127 1034 2202 finem,
1069 2125 1199 2187 liberta-

87 2374 95 2383 ,
182 2308 240 2395 4111‘.
276 2342 303 2377 α.
321 2323 483 2393 Eodemque
502 2321 646 2392 tempore]
684 2298 746 2391 Qus
763 2325 813 2378 hat
826 2326 913 2380 iiiters
928 2333 966 2380 im
980 2329 1108 2398 Anssnge
1120 2333 1196 2382 eines

152 2411 249 2479 &atses
274 2406 413 2475 ungssiihr
429 2406 474 2458 die
491 2404 657 2473 Bcdeutuog
676 2425 732 2459 von
754 2427 844 2478 porro
868 2413 936 2465 oder
958 2425 1111 2483 praetcrca.
1158 2416 1197 2467 Es

153 2501 192 2549 ist
220 2496 352 2563 ganimi
384 2491 497 2544 Messon
524 2493 586 2540 eins
611 2491 886 2563 Mittelverhindung
914 2501 1053 2550 zwischsn
1079 2508 1107 2551 et
1138 2499 1198 2551 und

149 2587 304 2652 praterea.
339 2577 404 2646 Vgt.
420 2575 582 2629 H.Gttrenz
602 2588 636 2626 su
652 2574 752 2626 Cicero
770 2576 806 2626 ds
825 2580 957 2645 segur,
977 2601 1002 2633 s.
1039 2584 1108 2635 Man
1121 2584 1197 2636 mols

74 2716 78 2723 .
151 2665 213 2720 sich
231 2662 321 2717 dieses
342 2680 392 2725 um
410 2678 441 2715 so
462 2657 519 2712 viel
540 2657 622 2711 mehr
639 2659 773 2723 merken,
790 2659 841 2724 dr,
860 2664 1012 2716 besonders
1032 2668 1071 2716 im
1087 2665 1196 2730 Cicero,

151 2746 247 2810 solohs
264 2748 369 2804 Stellsn
388 2765 444 2801 von
463 2744 519 2799 den
537 2745 691 2799 Gslshrten
710 2744 756 2797 sur
776 2747 940 2818 verdiohtig
961 2748 1089 2819 gehslten
1118 2767 1197 2801 wurt-

155 2838 222 2894 dsu.
257 2837 417 2906 llsusiugsr
434 2839 537 2887 nimmt
557 2848 587 2885 ss
605 2829 652 2889 sur
670 2829 723 2883 ssd
739 2829 807 2885 oder
825 2840 874 2900 at,
892 2835 958 2887 weil
975 2834 1110 2888 Philistus
1132 2848 1197 2886 ent-

153 2938 364 2997 gegengetstzts
375 2920 552 2978 Grundsi'tcs
571 2935 626 2971 ron
644 2916 724 2972 Plato
743 2917 829 2972 hatte.
866 2919 961 2975 Alicio
976 2937 1043 2974 man
1058 2920 1196 2973 versuchs

153 3029 184 3066 ss
203 3030 258 3064 nur
275 3028 328 3081 qus
346 3013 400 3062 mit
416 3004 470 3060 ssd
483 3004 552 3059 oder
569 3012 604 3057 at
621 3021 656 3056 su
675 3005 877 3077 vortsutchsn,
904 3024 936 3061 so
955 3005 1027 3063 wit-d
1044 3023 1111 3060 man
1128 3004 1196 3060 bald

152 3095 264 3164 lintion,
280 3101 334 3149 wis
352 3091 548 3149 unichicklich
566 3106 596 3145 ss
613 3089 699 3145 wire.

243 3219 369 3269 amicum
386 3232 447 3267 non
463 3217 560 3281 magis
577 3219 722 3283 tyranno,
739 3230 827 3283 quam
844 3216 1014 3288 tyrannidi]
1058 3218 1118 3271 Der
1138 3215 1199 3270 Ge-

153 3302 247 3359 dsnks
265 3305 301 3355 itt
318 3299 425 3354 dieser:
444 3299 582 3354 Philistus
599 3315 668 3350 n'ar
686 3299 849 3371 uberhaupt
867 3307 914 3354 ein
928 3302 1045 3356 Frerrnd
1060 3303 1112 3355 der
1123 3302 1199 3355 Ein-

152 3387 400 3460 sslnlrerrssltoft.
443 3386 486 3440 Er
505 3385 560 3437 salt
583 3402 611 3435 es
635 3399 727 3453 gem,
753 3405 843 3440 mnn
863 3387 917 3440 dor
940 3391 1015 3446 Vollr
1040 3398 1126 3441 nnter
1146 3385 1198 3437 der

155 3476 276 3530 cenati
295 3481 373 3527 eines
397 3477 531 3540 einzigsn
551 3471 677 3522 Ftirsten
703 3472 803 3526 stand.
851 3476 953 3530 Dicrsr
969 3475 1104 3533 Gedaulrs
1125 3470 1198 3526 wird

153 3561 245 3615 durch
263 3560 308 3614 dis
330 3562 427 3612 Lesrrt
445 3554 600 3629 tyrannidi
623 3561 689 3610 weit
709 3558 806 3613 hesssr
823 3561 1026 3631 surgedrtrclt,
1054 3563 1096 3616 als
1115 3577 1199 3613 wenn

152 3664 223 3701 mon
240 3651 293 3700 mit
311 3644 418 3698 sudem
435 3647 574 3713 tyrannis
590 3640 671 3695 liel’t.
706 3646 790 3699 Dsna
803 3647 939 3702 Philistus
953 3667 1013 3702 war
1029 3653 1075 3701 ein
1087 3643 1198 3700 Freund

155 3733 207 3788 der
223 3734 326 3789 Suelio.
360 3734 415 3787 Dis
435 3732 579 3785 Psrsonen
597 3731 703 3786 hounte
720 3750 752 3785 er
769 3737 799 3785 in
809 3739 953 3865 gulusa
971 3734 1067 3789 fallen
1086 3734 1197 3786 hussen.

190 3883 219 3938 5.
246 3874 331 3928 Plato
350 3872 464 3944 autem]
498 3868 1088 3928 Jentwurdsmancsrerumsnttanrem
1103 3887 1196 3939 rogen.

158 3955 253 4011 Alleiu
271 3958 321 4011 der
332 3962 461 4014 Lateincr
474 3956 574 4029 knlipst
594 3974 663 4027 geru
681 3961 742 4010 eins
759 3959 854 4011 solchs
872 3960 1068 4031 allgemeinere
1082 3960 1197 4012 semer·

158 4042 238 4114 hung
255 4040 343 4097 durch
361 4054 460 4100 autem
477 4062 514 4099 sn
531 4043 581 4100 dss
599 4042 843 4125 Vorhsrgchsnds.
