2722 4838
126 294 218 371 ,232
351 328 356 335 ·
396 292 729 375 mungesuaus.
771 292 966 377 cap.V11.

215 461 468 527 recuperarunt:
490 465 597 527 quum
621 444 755 506 interim
777 444 955 526 Agesilaus
977 464 1046 505 non
1064 444 1211 520 destitit,

159 568 187 619 2.
218 549 490 631 quibuscumque
510 552 608 611 rebus
630 566 752 630 posset,
775 549 912 630 patriam
932 547 1060 629 juvare.
1110 550 1210 612 Nam

219 675 329 735 quum
358 654 520 736 precipue
548 655 796 717 Lacedaemonii
827 655 1016 737 indigerent
1042 655 1212 736 pecunia,

216 760 277 821 ille
299 759 474 832 omnibus,
496 759 556 839 qui
577 779 596 819 a
618 759 708 843 Rege
730 760 933 831 defecerant,
954 759 1106 840 praesidio
1123 759 1209 823 luit:

217 864 378 944 aquibus
399 884 518 946 magna
537 864 679 926 donatus
703 865 860 946 pecunia,
893 864 1031 944 patriam
1053 866 1210 927 subleva·

155 969 186 1030 3.
216 969 280 1039 viu,
319 969 437 1049 Atque
459 969 494 1028 in
517 967 582 1030 hoc
608 969 697 1030 illud
721 969 875 1050 inprimis
902 969 968 1039 fuit
994 970 1207 1035 admirabile.

216 1095 324 1156 quum
344 1074 493 1135 maxima
519 1094 660 1146 munera
681 1075 712 1134 ei
740 1076 780 1134 ab
805 1074 954 1159 regibus,
987 1088 1019 1135 et
1039 1075 1207 1154 dynastis,

216 1179 477 1257 civitatibusque
497 1179 744 1253 conferrentur,
769 1179 858 1241 nihil
878 1200 1043 1260 umquam
1059 1179 1131 1258 [in]
1148 1180 1206 1240 do,

213 1303 417 1345 mumeuam
433 1284 595 1358 contulit,
617 1283 707 1345 nihil
728 1284 769 1345 de
785 1283 893 1356 victu,
919 1284 1008 1345 nihil
1022 1285 1063 1345 de
1080 1284 1203 1351 vestitu

155 1400 186 1470 4.
214 1387 391 1447 Laconum
415 1387 570 1447 mutavit.
622 1387 740 1449 Domo
768 1390 882 1449 eadem
912 1389 977 1450 fuit
1008 1402 1206 1464 contentus,

217 1511 284 1571 qua
305 1489 547 1572 Eurystheum,
570 1493 761 1575 progenitor
776 1493 938 1574 majorum
954 1512 1109 1566 suorum,
1132 1492 1205 1556 fue·

215 1609 266 1659 rat
286 1613 381 1655 usus:
404 1614 506 1674 quam
526 1593 588 1674 qui
609 1593 762 1672 intrarat,
784 1598 921 1658 nullum
941 1597 1072 1680 signum
1090 1599 1206 1663 libidi-

218 1700 287 1776 nis,
309 1699 447 1766 nullum
460 1699 731 1768 luxurieridere
743 1716 882 1792 poterat:
905 1715 1031 1776 eontra,
1053 1701 1205 1782 plurima

195 1903 223 1961 5.
250 1897 282 1945 in
297 1891 366 1963 hoe]
401 1893 466 1963 Vgl.
485 1895 543 1959 IV,
563 1912 589 1949 n.
674 1900 677 1906 '

244 2012 321 2069 nihi!
336 2010 371 2062 de
390 2017 526 2064 victu-
545 2012 693 2084 mutavit]
727 2015 798 2069 Man
818 2029 879 2083 aagt
894 2017 933 2066 im
952 2012 1145 2099 Leteiniechen
1169 2031 1202 2065 eo

157 2096 234 2152 wohl
252 2106 367 2151 mutare
385 2097 499 2167 aliquid
515 2098 555 2150 de
574 2100 674 2170 aliqua
694 2119 739 2165 re,
759 2100 800 2152 als
819 2104 856 2151 in
876 2101 975 2171 aliqua
991 2118 1037 2164 re,
1057 2102 1203 2150 an'eiuer

158 2181 252 2241 Sache
270 2190 367 2239 etms
385 2171 508 2238 ander-ri.
533 2186 626 2244 Ante.
646 2186 728 2249 xlv,
746 2204 772 2239 a.
792 2186 867 2237 nihil
882 2184 917 2237 de
930 2184 1100 2258 qrtotidr'nno
1120 2187 1202 2237 cultu

158 2272 299 2320 mutavit.
324 2268 410 2335 xm,
431 2287 457 2325 2·
475 2273 506 2320 t'n
525 2288 580 2339 quo
601 2267 675 2320 nihil
692 2277 896 2326 commutavit.
932 2273 1013 2324 Doelr
1034 2291 1116 2324 wenn
1134 2272 1200 2337 dat,

158 2370 256 2406 woreu
274 2352 320 2406 ich
340 2368 425 2406 ernau
444 2354 567 2416 indere‚‚
579 2352 778 2423 aelhetuiindig
794 2359 845 2420 ist,
862 2375 887 2410 e.
899 2359 931 2413 Β.
951 2362 996 2410 ein
1013 2361 1115 2422 Hans,
1135 2374 1200 2426 enge

155 2439 201 2491 leh
220 2444 282 2574 inii
298 2443 336 2492 ist
354 2456 382 2491 ee
401 2436 657 2507 uneelbetuiindig,
685 2457 709 2490 r.
728 2439 760 2491 B.
785 2444 847 2495 eine
868 2441 960 2510 Siue,
990 2443 1196 2510 emolitanae,

155 2522 244 2577 lieher
282 2541 306 2578 e.

190 2673 218 2732 4.
245 2665 356 2718 nullum
367 2666 488 2741 ‘signum
507 2656 654 2725 libidinis,
671 2661 784 2713 nullum
802 2663 928 2717 luxurior
945 2675 1068 2735 poterat
1088 2669 1200 2737 videre,

157 2760 272 2816 eontra,
286 2751 415 2821 plurime
431 2753 585 2818 patientiae
604 2757 691 2816 atque
711 2748 913 2820 abstinentiae]
947 2751 1048 2804 Wenn
1065 2754 1110 2806 tlie
1125 2759 1203 2809 Aut·

153 2838 231 2909 leger
248 2840 311 2891 hier
330 2843 411 2891 einen
428 2834 609 2889 bestimmten
620 2834 778 2905 Gegentetr
794 2840 824 2887 in
837 2834 953 2888 Abticht
965 2837 1070 2889 ausdie
1085 2844 1199 2893 Worte

151 2926 275 2988 eueher,
295 2942 325 2978 eo
347 2929 423 2977 irren
442 2926 491 2977 tie.
532 2922 593 2974 Der
610 2921 856 2993 Gegentete‘liegt
872 2939 927 2975 nur
944 2927 974 2974 in
990 2920 1054 2972 dem
1074 2924 1199 2976 Cedan-

152 3012 215 3062 lren.
251 3009 321 3062 Men
340 3008 413 3062 mule
433 3008 492 3062 eich
511 3007 659 3078 eergl'e'ltig
678 3008 801 3074 humen,
829 3012 859 3061 iu
879 3005 1055 3077 dergleieheu
1076 3008 1198 3076 Siitzen,

45 3116 51 3125 ·
102 3107 105 3113 ·
149 3092 258 3147 welche
276 3094 410 3147 einander
426 3113 483 3149 nur
498 3093 565 3149 dem
583 3093 740 3147 Gedanlreu
759 3095 830 3148 neeh
849 3109 984 3164 entgegen
1001 3108 1104 3163 geretur
1120 3096 1198 3160 sind,

151 3179 231 3233 nieht
249 3181 320 3232 auch
339 3186 421 3233 einen
437 3181 594 3250 Gegensata
614 3185 644 3232 in
665 3179 719 3232 den
737 3180 882 3234 einzelnen
903 3183 950 3236 W
948 3189 1031 3231 erten
1049 3179 1143 3233 finden
1163 3202 1200 3235 zu

150 3263 264 3319 wellen.
305 3265 374 3318 Men
392 3264 464 3318 wird
481 3264 608 3318 dedurch
629 3266 791 3334 withige,
816 3264 870 3318 den
890 3265 1015 3321 Worten
1032 3267 1200 3321 Bedeutun-

149 3366 203 3421 geu
227 3355 453 3418 anemium,
483 3349 587 3402 welche
614 3353 644 3400 in
674 3346 1031 3421 dem‘Sprechgebrauche
1055 3352 1199 3407 durehaue

148 3436 229 3489 nicht
247 3431 491 3504 gegrundeteind.
535 3435 569 3488 ln
589 3433 684 3487 diesen
703 3435 802 3488 Fehler
827 3436 958 3490 verdelen
979 3438 1051 3491 auch
1079 3456 1116 3490 an
1143 3457 1198 3489 un-

151 3537 228 3574 eerer
245 3520 331 3575 Stelle
349 3517 395 3571 die
413 3518 559 3586 Aualeger.
607 3517 708 3572 Libido
731 3525 768 3573 itt
787 3519 855 3586 das,
884 3521 1025 3575 Wodrercle
1049 3542 1117 3574 num
1137 3521 1199 3574 sicle

150 3608 197 3658 als
218 3606 417 3671 Wolh‘tslliug
434 3608 530 3671 mgr,
548 3621 605 3659 πει
624 3606 761 3672 benedt,
779 3626 845 3661 men
866 3608 937 3661 hehe
955 3607 1000 3660 ‹lie
1016 3609 1057 3662 W
1060 3609 1196 3661 eirhlieh·

148 3693 218 3756 kalt,
235 3691 281 3745 die
295 3689 573 3759 Auasrhweisungen.
610 3692 742 3748 chxrorr'a
754 3699 790 3748 iet
803 3693 1010 3764 ilberfltlssiger
1025 3693 1196 3766 Auj'mcmd.

149 3777 254 3829 Dieeen
272 3775 380 3845 heyden
403 3773 528 3842 Worten
553 3776 650 3828 etelren
675 3777 828 3847 allerdinge
852 3780 916 3833 dem
936 3779 1091 3832 Gedaulreu
1118 3780 1191 3832 nach

148 3858 194 3912 ‹lle
205 3860 354 3928 folgenden
368 3873 515 3929 eutgegen.
551 3861 701 3916 Patientia
719 3866 757 3914 iet
769 3864 989 3927 Duldsamkeit,
1008 3864 1053 3916 die
1064 3866 1087 3917 Τ
1091 3861 1193 3931 ugeed,

149 3941 239 3994 durch
257 3944 361 3997 welche
380 3963 446 3998 men
470 3945 529 3998 tich
554 3943 670 4012 ellerley
688 3945 776 3999 Arten
794 3949 987 4018 lrb'rperhcher
1007 3949 1193 4003 Unannehm-

149 4023 301 4079 llehkelten
319 4027 378 4081 und
397 4031 549 4105 Strepazen
568 4027 743 4092 unrernirtr.
768 4048 863 4085 rerum
881 4035 1018 4088 durarum
1035 4054 1068 4093 ee
1086 4032 1189 4087 ditrict-
