2722 4838
274 338 334 393 tto
501 317 636 382 XVII.
653 318 834 400 Agesilaus.
874 320 952 402 Cap.
973 320 1009 384 1.
1031 320 1094 384 Η.

337 491 404 553 que
423 489 521 532 suum
545 470 708 533 retinebat
729 470 896 533 ordinem.
942 471 1098 534 Primum
1122 472 1203 535 ratio
1226 473 1335 538 lrabe-

334 581 446 652 batur,
468 576 529 657 qui
549 576 718 638 maximus
740 591 823 637 natu
848 591 931 638 esset
952 597 994 637 ex
1011 576 1129 639 liberis
1148 576 1236 659 ejus,
1260 579 1333 658 qui

335 700 477 762 regnans
499 679 695 741 decessisset.
735 679 794 741 Sin
816 679 843 743 is
863 682 997 743 virilem
1019 701 1139 744 sexum
1159 703 1231 743 non
1249 684 1331 746 reli·

335 784 477 865 quisset,
497 800 583 846 -tum
605 785 827 868 deligebatur,
861 785 923 865 qui
950 786 1123 867 proximus
1147 802 1231 849 esset
1251 809 1328 869 pro-

275 905 305 969 4.
338 888 539 970 pinquitate.
580 889 737 949 Mortuus
757 904 825 951 erat
844 890 929 972 Agis
949 911 1025 966 rex,
1046 890 1143 954 frater
1159 891 1326 975 Agesilai.

335 994 466 1058 Filium
487 992 665 1073 reliquerat
685 991 945 1076 Leotychidem,
982 1014 1085 1075 quem
1114 994 1174 1057 ille
1202 1010 1323 1059 natum

336 1120 410 1162 non
430 1111 582 1182 agnorat:
616 1097 776 1159 eumdem
798 1098 946 1162 moriens
970 1119 1071 1192 suum
1096 1119 1164 1162 esee
1182 1098 1326 1164 dixerat.

336 1205 373 1266 Is
400 1204 441 1265 de
462 1203 591 1265 honore
611 1203 704 1285 regni
728 1221 807 1263 cum
826 1201 988 1283 Agesilao
1011 1223 1074 1263 suo
1101 1219 1218 1285 patruo
1246 1223 1323 1266 con·

277 1312 309 1374 5.
337 1310 459 1395 tendit:
482 1307 651 1388 nequsid,
671 1307 764 1389 quod
781 1305 908 1389 petivit,
930 1320 1128 1370 consecutus
1142 1323 1201 1371 est.
1229 1309 1323 1371 Nam

337 1414 511 1496 Lysandro
525 1411 740 1495 suffragante,
760 1409 914 1484 homine,
940 1423 977 1470 ut
991 1412 1200 1474 ostendimus
1213 1431 1323 1496 supra,

336 1517 487 1590 factioso,
509 1514 613 1579 ethis
636 1515 840 1598 temporibus
860 1529 1012 1598 potente,
1031 1515 1212 1598 Agesilaus
1233 1533 1322 1581 ants·

336 1621 424 1683 latus
443 1635 502 1682 est.

694 1795 806 1872 Cas.
855 1802 901 1872 ll.

279 1963 310 2008 1.
339 1943 411 2009 Hic
431 1943 655 2027 simulatque
680 1944 813 2028 imperii
839 1944 964 2028 potitus
984 1959 1047 2016 est.
1079 1943 1239 2028 persuasit
1260 1945 1325 2011 La·

279 2118 380 2191 cebet]
430 2125 490 2178 Der
511 2123 646 2178 Gedanke
664 2128 715 2176 ier:
743 2122 843 2178 Wenn
863 2128 908 2177 ein
926 2125 1035 2194 Kiinig,
1060 2123 1181 2176 welcber
1200 2140 1251 2176 aue
1273 2121 1325 2176 der

277 2208 396 2262 Familia
413 2207 462 2264 dee
482 2209 595 2263 Procles
614 2224 740 2279 genesen
758 2224 833 2272 mr,
852 2209 945 2272 eterb,
964 2226 996 2261 eo
1018 2205 1121 2262 mulera
1141 2207 1252 2279 jemand
1271 2226 1322 2262 eue

278 2292 349 2363 {ben
367 2294 459 2347 dieser
476 2292 592 2347 Familie
611 2310 648 2346 au
666 2297 743 2345 tsine
763 2290 850 2344 Stella
879 2307 983 2352 treton:
1016 2296 1085 2347 eben
1114 2313 1145 2346 eo
1169 2295 1241 2348 auch
1268 2295 1324 2366 bey

277 2376 343 2431 dem
361 2380 487 2448 Kdnige,
505 2377 628 2456 welcber
649 2393 705 2427 von
724 2375 916 2446 Eurystheum
938 2378 1131 2432 lieretammte.
1174 2381 1226 2433 Die
1246 2381 1325 2433 Con-

278 2470 416 2516 struction
435 2467 472 2513 ist
491 2459 586 2513 disee:
616 2460 681 2512 Non
700 2459 802 2512 licebat
820 2460 880 2512 lieri
904 2459 917 2525 (
925 2466 1039 2533 regem)
1063 2481 1097 2516 ex
1114 2464 1204 2517 altera
1221 2465 1325 2520 herum

176 2536 179 2541 ¹
276 2546 477 2615 (familiarum)
498 2548 527 2596 in
545 2544 641 2595 locum
659 2542 774 2595 alteriue
793 2542 945 2614 (inutilia),

365 2647 428 2692 ium
446 2635 649 2708 deligebatur]
685 2636 751 2706 vgl.
768 2636 864 2711 l'elop.
882 2638 926 2703 11,
944 2654 972 2693 a.

315 2761 343 2822 4.
369 2765 452 2823 quern
467 2747 517 2801 ille
534 2756 638 2800 natum
655 2765 715 2801 nou
732 2744 879 2817 eguerat]
913 2747 963 2800 lob
979 2746 1055 2801 bulte
1071 2765 1100 2801 ee
1112 2752 1164 2802 mit
1178 2748 1232 2803 den
1246 2753 1328 2808 Aue-

280 2839 395 2910 legeru,
419 2834 524 2891 welche
544 2841 648 2886 natum
672 2832 819 2897 erkl'e‘ren,
843 2840 921 2897 tum,
946 2850 1033 2904 quum
1049 2843 1138 2886 natue
1157 2846 1249 2904 esset,
1269 2840 1328 2912 bey

279 2930 375 2977 rainer
392 2921 512 2977 Geburi.
557 2917 695 2975 Demeble
713 2917 858 2973 berreobte
874 2918 1018 2973 n'e'bmlieb
1038 2918 1089 2974 der
1108 2919 1267 2985 Verdacbt,
1293 2944 1328 2979 er

282 3024 331 3078 ιο]
350 3012 396 3061 ein
413 3008 490 3062 sota
508 3004 557 3061 dee
578 3003 748 3061 Alcibiades.
787 3006 959 3073 Agnoscere
982 3002 1109 3061 absolute
1127 3005 1201 3058 ohne
1219 3005 1327 3078 filium

280 3091 367 3146 beilet
385 3094 488 3157 echon,
516 3099 601 3145 einen
624 3091 670 3144 ale
691 3096 791 3146 reineri
811 3090 889 3146 Salui
909 3093 1101 3147 auerlterureu.
1144 3090 1210 3160 Vgl.
1229 3092 1328 3148 llerrn

280 3175 443 3232 Tasclrucle
460 3196 495 3231 su
512 3178 671 3247 Eutroqiue
689 3178 760 3244 vn,
779 3195 821 3233 ra.

373 3290 463 3343 neque
481 3271 529 3343 ta]
563 3274 664 3341 Neque
681 3270 885 3336 iiirnecverc,
903 3278 1076 3327 rectarum.
1110 3254 1234 3327 Plaetori
1245 3273 1283 3339 ll,
1298 3284 1326 3340 5.

281 3360 383 3430 Neque
401 3363 447 3411 iia
465 3359 555 3409 miella
571 3365 638 3428 pest
655 3359 789 3410 Nicanor
807 3357 894 3411 Plroei
910 3364 955 3410 esi
971 3362 1095 3426 potitus.
1141 3357 1215 3412 Cato
1234 3360 1278 3426 ll,
1296 3378 1325 3413 ι.

283 3447 384 3517 Neque
402 3443 524 3513 hesper
540 3451 675 3495 serratum
696 3439 820 3516 efficere
834 3446 945 3516 peisti.
980 3441 1087 3535 Chabr.
1105 3443 1164 3508 lll,
1184 3463 1209 3499 t.

319 3593 347 3649 5.
366 3580 521 3656 farer...]
565 3581 646 3636 stass
666 3550 793 3647 ariane.
810 3584 841 3647 r,
858 3592 892 3649 5.·
930 3580 1083 3655 sysara..
1107 3581 1338 3654 saffram,

285 3670 338 3726 eui
352 3668 488 3731 Antrieb,
514 3665 704 3738 iimpleblung
728 3668 777 3724 dee
802 3667 964 3742 Lysander,
989 3672 1044 3722 wie
1065 3666 1214 3724 Alcibiad.
1239 3670 1280 3735 V,
1297 3677 1325 3737 4.

282 3755 484 3828 suffragante
502 3750 688 3807 Theramene.

318 3896 358 3949 ll.
396 3914 420 3949 r.
438 3889 645 3961 simulatque]
692 3890 779 3945 Nicbr
794 3893 885 3944 simul
899 3910 952 3959 ac,
979 3892 1044 3948 weil
1064 3896 1110 3946 ein
1132 3890 1222 3947 Voaai
1243 3891 1326 3963 solgt.

285 3976 368 4030 Deua
387 3996 424 4031 ac
440 3978 513 4032 wird
530 3978 609 4031 nicht
633 3993 685 4029 vor
702 3980 794 4028 einen
814 3976 903 4030 Vocet
926 3993 1041 4048 gereret.
1083 3978 1148 4049 vgl.
1172 3977 1324 4031 beeoudere

288 4060 461 4132 Oudendorp
479 4082 514 4118 au
531 4065 657 4120 Susiane
674 4061 773 4118 casae
789 4077 816 4118 a.
832 4060 879 4119 26.
895 4080 940 4119 rra
964 4063 1037 4123 atreb
1058 4065 1132 4120 llerr
1147 4062 1249 4136 nsots
1265 4063 1329 4118 eicb
