2722 4838
291 355 348 422 ¹72
413 374 427 409 ι
585 337 667 403 ΧΧ.
689 336 863 404 Timoleon.
904 340 982 424 Cap.
1000 342 1037 408 I.

289 509 319 560 ιι.
350 491 500 553 adventu
521 489 558 552 in
579 489 759 572 pristinum
778 490 974 555 restitueret.
1021 496 1084 559 Sed
1104 498 1142 561 in
1162 499 1216 566 his
1235 509 1346 572 rebus

350 613 421 655 non
441 593 588 674 simplici
609 592 743 656 fortuna
769 595 978 660 conflictatus
1005 615 1069 672 est.
1099 619 1147 681 et,
1178 608 1214 669 id
1239 616 1344 691 quod

348 698 522 760 difficilius
538 713 689 780 putatur,
710 699 819 760 multo
839 703 1024 783 sapientius
1041 707 1121 769 tulit
1140 716 1344 788 secundam,

289 803 327 866 3.·
351 824 454 883 quam
478 802 649 864 adversam
671 801 852 866 fortunam.
903 807 991 869 Nam
1013 831 1122 890 quum
1141 814 1242 878 frater
1264 821 1342 902 ejus

348 905 594 987 Timophanes,
615 908 686 968 dux
700 928 719 968 a
733 907 917 971 Corinthiis
930 913 1092 991 delectus,
1119 924 1340 999 tyrannidem

323 1018 406 1100 ,per
442 1010 568 1073 milites
597 1012 816 1073 mercenarios
851 1034 1063 1097 occupasset,
1104 1025 1338 1111 particepsque

348 1115 443 1199 regni
461 1129 569 1197 posset
589 1134 674 1177 esse:
697 1130 826 1177 tantum
846 1117 955 1180 'abfuit
975 1141 993 1180 a
1013 1122 1168 1188 societate
1187 1132 1338 1210 sceleris,

347 1236 388 1281 ut
407 1218 603 1281 antetulerit
622 1239 759 1281 suorum
789 1221 916 1283 civium
942 1225 1127 1291 libertatem
1155 1231 1264 1297 fratris
1293 1259 1338 1300 sa·

350 1325 433 1395 luti,
452 1339 484 1385 et
502 1324 613 1404 patriae
634 1344 746 1404 parere
766 1324 893 1408 legibus
915 1348 1017 1406 quam
1033 1329 1210 1414 imperare,
1231 1342 1336 1404 satius

291 1445 322 1510 4.
351 1429 495 1490 duxerit.
543 1427 619 1499 Hac
640 1443 752 1490 mente
776 1448 833 1510 per
857 1429 1081 1513 haruspicem,
1103 1459 1337 1508 communem·

350 1552 417 1612 que
436 1532 592 1606 affinem,
613 1533 669 1593 cui
687 1553 795 1609 soror,
817 1554 860 1595 ex
880 1535 1005 1599 eisdem
1025 1544 1219 1621 parentibus
1239 1567 1335 1622 nata,

351 1652 457 1719 nupta
476 1654 560 1710 erat,
594 1635 727 1699 fratrem
748 1652 927 1720 tyrannum
951 1642 1215 1708 interficiendum
1243 1673 1338 1717 cura·

322 1740 328 1754 '
349 1742 412 1805 vit.
452 1743 529 1824 lpse
551 1761 622 1803 non
643 1744 746 1804 modo
765 1764 886 1805 manus
905 1767 977 1808 non
999 1749 1124 1825 attulit,
1145 1746 1200 1814 sed
1220 1724 1265 1816 ne
1281 1761 1340 1833 ιιι,

349 1847 473 1946 spicere
493 1845 633 1926 quidem
653 1844 834 1908 fraternum
854 1853 1054 1934 sanguinem
1067 1857 1185 1919 voluit.
1226 1861 1335 1939 Nam,

289 1977 292 1983 ·
341 1953 436 2020 ,dum
456 1971 506 2013 res
525 1951 759 2025 conficeretur,
794 1956 909 2033 procul
932 1957 969 2019 in
990 1959 1139 2039 prasidio
1167 1960 1251 2037 fuit,
1291 1988 1337 2030 ne

292 2063 322 2124 5.
353 2057 430 2138 quis
450 2056 579 2119 satelles
596 2070 705 2136 posset
717 2076 915 2122 succurrere.
955 2063 1035 2126 Hoc
1048 2067 1336 2146 praeclarissimum

352 2162 423 2246 ejus
440 2161 570 2224 facinus
588 2180 661 2223 non
681 2160 875 2242 parimodo
897 2167 1074 2247 probatum
1097 2187 1146 2232 est
1166 2174 1207 2233 ab
1229 2175 1338 2237 omni·

330 2409 359 2448 a.
387 2409 445 2444 non
462 2388 586 2460 simplici
596 2384 746 2462 fortuna]
781 2389 910 2460 Simplex
919 2390 1053 2464 fortuna
1067 2399 1104 2448 ist
1121 2401 1166 2450 cin
1180 2399 1336 2470 Schiclrsal,

295 2477 405 2543 Glitck,
423 2477 518 2548 wobey
530 2475 600 2529 elles
611 2475 683 2531 nach
694 2475 758 2528 dem
769 2477 895 2529 einmshl
904 2493 1105 2546 gcuommencn
1118 2484 1217 2553 Gange
1230 2487 1340 2553 gluten.

294 2562 401 2631 stirmis
420 2561 552 2631 lortgeht.
588 2562 659 2613 Non
676 2560 800 2629 simplex
809 2560 943 2633 fortuna
959 2567 997 2616 ist
1013 2564 1073 2616 also
1089 2570 1134 2617 ein
1148 2572 1341 2624 vcranderlr‘·

296 2646 361 2699 class
376 2647 483 2713 cnut,
500 2651 591 2715 varia
610 2654 639 2697 et
655 2646 815 2700 mutabilis.

328 2797 357 2855 5.
380 2768 583 2857 particepsque
594 2791 678 2853 regni
687 2793 786 2855 posset
798 2780 873 2854 esse]
907 2781 950 2838 Sc.
964 2782 1128 2852 Timoleon,
1144 2808 1228 2843 wcun
1243 2792 1342 2850 echon

294 2876 335 2926 im
355 2888 447 2927 ersten
467 2870 566 2926 Glieds
583 2870 772 2943 Timophanes
796 2871 838 2925 alr
863 2869 1059 2927 Nominstlvus
1080 2875 1162 2928 steht.
1213 2878 1280 2946 Vgl.
1300 2898 1341 2935 zu

231 3038 237 3045 .
297 2957 424 3030 Lysand.
442 2959 498 3028 w,
515 2975 542 3013 a.

332 3107 358 3164 4.
384 3117 437 3168 per
453 3099 651 3170 larrrsplcem,
680 3114 910 3168 communemque
926 3094 1071 3171 affinem]
1113 3099 1151 3154 Es
1176 3100 1238 3154 elad
1258 3120 1342 3177 away

298 3183 495 3238 verschiedenc
521 3186 663 3238 Personen
693 3189 814 3254 gemeint
845 3185 918 3238 nacla
945 3186 1115 3256 flausingen
1148 3187 1340 3260 Beuterkung.

296 3268 357 3322 Der
374 3270 513 3343 haruspex
537 3269 608 3322 lrlels
626 3272 766 3340 Satyrus,
799 3268 849 3321 der
873 3276 1031 3324 comannis
1052 3272 1144 3324 affinis
1165 3275 1337 3344 Aeschylus.

295 3356 453 3425 &arrupte
471 3361 508 3406 ist
534 3360 625 3416 einer,
644 3354 693 3406 der
713 3371 763 3406 aur
789 3352 843 3408 den
865 3355 1062 3424 Eingoueitlsn
1084 3355 1135 3408 der
1156 3357 1338 3429 Opscrtlriers

296 3440 433 3509 weissrgt.
468 3440 560 3492 Ucber
578 3437 689 3512 affinis
707 3441 763 3511 rgl.
782 3458 817 3492 zu
834 3440 962 3495 Parnon.
980 3443 1024 3507 ll,
1041 3448 1069 3507 5.

330 3591 358 3647 5.
386 3579 438 3632 hoc
455 3579 709 3649 preclarissimus
727 3580 793 3649 ejus
803 3578 947 3650 facinus]
982 3582 1109 3635 Facinus
1127 3585 1163 3635 ist
1181 3585 1227 3634 ein
1244 3584 1339 3635 Voco-

295 3666 396 3721 bttlum
416 3663 555 3739 medium,
575 3664 633 3717 und
650 3666 810 3718 bezeichuct
831 3654 989 3736 uberhaupt
1009 3665 1070 3736 jede
1091 3666 1257 3737 Handtung
1277 3686 1339 3719 von

295 3752 512 3820 Wichtiglelt,
530 3754 571 3802 sie
591 3767 656 3820 mag
672 3760 727 3818 gut
742 3752 810 3806 oder
830 3750 958 3804 schleclat
971 3768 1051 3822 ceyn.
1098 3752 1154 3804 ror
1171 3750 1336 3818 nandum

296 3837 459 3907 uberhaupt
484 3836 563 3888 kann
588 3853 655 3888 man
680 3852 709 3888 es
730 3837 809 3889 nicht
837 3837 1031 3906 gebrauchcn,
1062 3835 1184 3889 condeta
1210 3853 1239 3889 cs
1260 3832 1332 3887 muse

293 3926 395 3975 immet
408 3941 464 3975 von
482 3925 560 3975 siner
574 3921 736 3990 vorsugltoh
752 3922 902 3991 wichtigen
925 3923 1078 3989 lirudlung
1098 3920 1142 3973 die
1166 3920 1240 3975 llsdc
1256 3935 1332 3989 coya·

294 4003 359 4071 Vgt.
381 4005 468 4058 Corte
489 4024 525 4059 atr
546 4007 672 4060 Sallustr
697 4006 829 4060 Catilina
853 4010 896 4074 11.
919 4018 949 4077 9.
999 4007 1187 4064 Geuohulich
1209 4002 1278 4061 tried
1300 4017 1332 4058 u

291 4083 413 4159 tiques
432 4094 463 4144 ln
480 4089 586 4147 mirra
602 4108 711 4167 partem
727 4091 891 4166 guntur.
