2722 4838
117 327 135 391 i
259 334 377 403 XXV.
398 336 439 401 T.
457 336 572 420 Pomp.
594 333 731 401 Attlcus.
772 337 850 422 cap.
869 334 1077 431 XX2XXI.
1135 338 1193 418 363

115 499 136 515 “
208 508 279 573 quo
297 489 433 564 accidit,
456 506 564 566 quum
584 489 668 552 eder
685 486 783 551 Jovir
797 488 953 567 Feretrii,
974 491 1012 555 iu
1026 492 1196 576 Capitolio

115 606 137 647 Ε
210 601 251 659 ab
273 594 426 658 Romulo
452 596 656 670 constituta,¹
673 607 836 656 vetustate
865 608 965 675 atque
989 596 1120 660 incuria
1143 598 1198 660 de·

115 709 139 755 Ξ
211 715 295 764 tecta
318 703 561 783 prolaberetur,
588 715 626 762 ut
648 698 759 761 Attici
787 699 966 763 admonitu
994 701 1098 765 Cesar
1122 720 1197 767 esni

149 820 183 890 4.
213 807 427 870 reficiendam
454 819 592 868 curaret.
640 803 764 885 Neque
788 824 869 867 vero
896 806 937 867 ab
965 805 1016 869 M.
1038 808 1198 871 Antonio

212 911 327 973 minus
340 915 458 974 absens
476 910 595 976 litteris
610 908 798 976 colebatur:
818 908 902 973 adeo
918 925 958 973 ut
970 924 1121 975 accurate
1139 912 1201 975 ille

133 1063 137 1071 .
210 1037 255 1078 ex
276 1014 408 1078 ultimis
428 1015 536 1090 terris,
557 1014 641 1096 quid
662 1028 787 1099 ageret,
806 1015 891 1096 quid
912 1034 998 1077 cure
1020 1015 1086 1078 sibi
1102 1014 1199 1079 habe·

115 1084 185 1210 ;.5
214 1133 279 1196 ret,
307 1119 480 1182 certiorem
504 1119 624 1183 faceret
640 1115 808 1182 Atticum.
849 1119 930 1185 Hoc
949 1121 1051 1201 quale
1073 1119 1134 1197 sit,
1156 1120 1201 1183 fa·

115 1275 130 1319 ἶ
216 1227 316 1287 cilius
337 1223 614 1299 existimabitis,
645 1224 707 1304 qui
711 1218 880 1306 judicare
901 1225 1040 1307 poterit,
1065 1239 1201 1307 quanta

125 1330 128 1339 '
213 1325 257 1393 sit
273 1328 460 1412 sapientie,
486 1346 604 1390 eorum
626 1327 769 1393 retinere
788 1348 891 1393 usum
913 1328 1199 1393 benevolentiam·

115 1416 125 1513 J
215 1455 299 1516 que,
320 1428 407 1497 inter
422 1451 507 1515 quos
521 1432 747 1495 maximarum
761 1453 875 1499 rerum
890 1455 961 1495 non
975 1434 1087 1496 solum
1102 1452 1203 1495 aemu·

115 1522 118 1531 ¹
214 1534 313 1611 latio,
345 1538 403 1599 sed
432 1535 624 1600 obtrectatio
649 1551 738 1600 tanta
768 1530 1007 1618 intercedebat,
1039 1552 1203 1619 quantam

169 1706 173 1713 ,
214 1638 283 1705 luit
319 1640 466 1704 incidere
495 1660 627 1704 necesse
655 1642 744 1704 inter
773 1640 933 1704 Caesarem
964 1656 1063 1724 atque
1092 1641 1203 1705 Anto·

216 1747 335 1811 nium:
357 1765 466 1826 quum
483 1764 518 1806 se
534 1758 676 1826 uterque
692 1744 878 1829 principem
895 1766 965 1809 non
981 1748 1094 1811 solum
1111 1731 1219 1811 urbis¹

215 1852 352 1927 Romae,
373 1850 431 1914 sed
452 1851 541 1912 orbis
563 1865 721 1914 terrarum
741 1870 810 1914 esse
832 1867 978 1935 cuperet.

553 2027 657 2101 Car.
706 2028 807 2103 XXI.

155 2194 187 2239 r.
216 2174 295 2238 Tali
317 2168 418 2236 modo
441 2190 549 2255 quum
570 2187 698 2255 septem
716 2184 750 2236 et
768 2172 976 2259 septuaginta
993 2193 1101 2238 annos
1117 2194 1205 2238 com·

129 2290 134 2299 ⁴
217 2283 357 2364 plesset,
385 2294 486 2359 atque
507 2280 548 2341 ad
568 2294 751 2341 extremam
772 2292 978 2343 senectutem
996 2301 1068 2343 non
1086 2281 1202 2344 minus

217 2387 397 2472 dignitate,
418 2405 521 2466 quam
537 2383 640 2468 gratia
654 2383 858 2465 fortunaque
871 2385 1045 2452 crevisset:
1066 2389 1205 2470 (multas

191 2573 220 2632 5.
246 2566 334 2619 Iovis
355 2560 497 2633 sareon]
542 2562 661 2631 Jupiter
687 2558 739 2616 hrt
765 2560 820 2615 deu
845 2558 1012 2617 zmrbmen
1040 2560 1206 2635 Feretrius,

156 2651 223 2706 well
248 2670 279 2704 rr
302 2649 367 2704 dem
392 2650 547 2715 Romulus,
573 2646 696 2702 welcbsr
720 2665 778 2701 von
805 2648 859 2703 deo
883 2649 1006 2704 Felndcn
1031 2649 1075 2706 bis
1098 2668 1135 2707 an
1158 2651 1206 2706 cll·

155 2737 250 2791 'l'bore
277 2735 328 2790 ‹ler
352 2733 432 2790 Srsdt
458 2733 628 2807 gescblsgen
649 2730 763 2800 wurde,
788 2734 838 2787 sul
859 2739 919 2788 selu
939 2736 1043 2789 Fleben
1066 2735 1121 2790 den
1140 2738 1206 2808 δῖος

155 2822 343 2888 verschsssts,
362 2839 417 2874 von
429 2817 535 2893 serre,
552 2818 699 2872 niihmlicb
718 2836 839 2888 pacem,
855 2818 924 2873 oder
941 2838 1032 2890 opem.
1064 2821 1203 2874 Romulus

157 2911 271 2964 erbsute
297 2909 358 2962 llam
382 2924 447 2960 sum
471 2904 573 2957 Dsnlrs
597 2904 681 2955 sinen
706 2898 824 2972 Tempe!
852 2903 904 2955 suf
927 2902 992 2957 dem
1015 2905 1206 2975 Capitolium,

156 2995 215 3048 und
236 2994 340 3061 biugte
357 2988 482 3044 dsselbst
499 2987 545 3039 dle
561 2984 661 3037 benten
678 2985 839 3038 erbeuteten
849 2986 971 3041 Wcslen
989 2991 1042 3042 ruit
1054 2987 1205 3060 folgenden

157 3079 284 3134 warren
305 3074 370 3129 aul:
399 3074 517 3142 Jupiter
536 3070 665 3135 Feretri,
683 3069 739 3120 tiss·
758 3086 844 3121 arma
857 3069 941 3144 sero.

193 3197 220 3253 4.
249 3204 286 3237 rx
304 3184 416 3236 ultimis
430 3178 533 3250 terris]
568 3179 628 3232 Aut
642 3176 697 3231 deu
711 3177 927 3252 entserntesten
943 3180 1106 3254 Gegenden.
1131 3184 1204 3242 Vlde

157 3272 189 3340 l,
211 3293 235 3326 ι.
270 3270 340 3324 Hirr
359 3273 396 3320 itt
415 3268 571 3337 Aegyptus
590 3282 626 3318 su
642 3264 800 3320 vrrsrclrcn.

194 3421 222 3479 5.
249 3412 314 3465 Hoc
335 3406 421 3479 qraale
439 3405 495 3479 rit]
529 3406 554 3460 l.
571 3422 595 3460 e.
616 3422 704 3478 quam
725 3403 856 3479 difficlis
871 3413 924 3464 slt.

247 3503 345 3576 usum]
378 3500 538 3572 Elgentllch
565 3499 630 3571 geht
657 3518 726 3553 usus
755 3499 806 3554 sui
825 3502 1027 3572 porrsnlr'ciren
1056 3505 1203 3574 Umgang.

159 3596 228 3650 Hier
253 3598 292 3647 ist
315 3589 480 3658 vorzbgllrb
502 3581 689 3660 schrlfiltclce
710 3587 929 3658 Unterbaltung
953 3595 1094 3660 gemelnt,
1119 3607 1204 3646 που

161 3698 229 3734 man
250 3696 279 3732 er
299 3677 378 3731 nlcbt
396 3675 548 3741 allgemelu
567 3674 614 3726 illc
633 3669 852 3745 Eresndrclsast
869 3676 992 3730 nahmen
1010 3676 1081 3731 will.

249 3781 329 3832 urbis
345 3775 458 3847 Romoe]
494 3774 544 3829 ich
564 3773 636 3828 babo
655 3788 752 3842 stegen
777 3772 828 3827 der
846 3781 964 3830 meissen
984 3775 1205 3833 flrndrcbrisrrn
1259 3778 1263 3787 ’

162 3867 258 3922 Romoe
275 3864 495 3934 sulgenomrneu
513 3875 581 3916 srttt
593 3860 740 3912 tomara.
764 3858 872 3929 Beydes
890 3865 927 3914 lst
946 3877 1011 3932 gut,
1030 3861 1099 3914 urbs
1112 3863 1204 3916 Roma

161 3952 220 4005 und
239 3951 307 4002 urbs
322 3952 464 4004 Romana.
480 3944 568 4021 Upi.
587 3947 674 4000 Corte
691 3962 727 3997 su
744 3945 873 3998 Sallusts
893 3948 983 4002 Catil.
1001 3948 1115 4018 xvut,
1132 3954 1160 4009 8.

194 4092 274 4148 xxi.
312 4110 337 4146 1.
356 4082 560 4162 fortunaque]
593 4082 659 4156 vrb
676 4078 824 4143 Atctltad.
843 4084 902 4159 tx,
925 4105 950 4142 r.
