<?xml version="1.0" encoding="UTF-8"?>
<!DOCTYPE html PUBLIC "-//W3C//DTD XHTML 1.0 Transitional//EN"
    "http://www.w3.org/TR/xhtml1/DTD/xhtml1-transitional.dtd">
<html xmlns="http://www.w3.org/1999/xhtml" xml:lang="en" lang="en">
 <head>
  <title>
</title>
<meta http-equiv="Content-Type" content="text/html;charset=utf-8" />
  <meta name='ocr-system' content='tesseract 3.04.00' />
  <meta name='ocr-capabilities' content='ocr_page ocr_carea ocr_par ocr_line ocrx_word'/>
</head>
<body>
  <div class='ocr_page' id='page_1' title='image "./devitaexcellent00bremgoog/devitaexcellent00bremgoog_0090.png"; bbox 0 0 2722 4838; ppageno 0'>
   <div class='ocr_carea' id='block_1_1' title="bbox 414 117 1228 216">
    <p class='ocr_par' dir='ltr' id='par_1_1' title="bbox 414 117 1228 216">
     <span class='ocr_line' id='line_1_1' title="bbox 414 117 1228 216; baseline 0 -30"><span class='ocrx_word' id='word_1_1' title='bbox 414 121 485 216; x_wconf 56' lang='lat' dir='ltr'>VJ.</span> <span class='ocrx_word' id='word_1_2' title='bbox 504 119 672 201; x_wconf 62' lang='lat' dir='ltr'>laeander.</span> <span class='ocrx_word' id='word_1_3' title='bbox 712 117 989 201; x_wconf 81' lang='lat' dir='ltr'>cap.111.1V.</span> <span class='ocrx_word' id='word_1_4' title='bbox 1185 123 1228 193; x_wconf 67' lang='lat'>82</span> 
     </span>
    </p>
   </div>
   <div class='ocr_carea' id='block_1_2' title="bbox 241 233 1228 456">
    <p class='ocr_par' dir='ltr' id='par_1_2' title="bbox 241 233 1228 456">
     <span class='ocr_line' id='line_1_2' title="bbox 241 233 1228 359; baseline -0.003 -22"><span class='ocrx_word' id='word_1_5' title='bbox 241 233 317 359; x_wconf 65' lang='lat' dir='ltr'>pasl</span> <span class='ocrx_word' id='word_1_6' title='bbox 332 287 481 335; x_wconf 86' lang='lat' dir='ltr'>mortem·</span> <span class='ocrx_word' id='word_1_7' title='bbox 496 270 534 333; x_wconf 89' lang='lat' dir='ltr'>in</span> <span class='ocrx_word' id='word_1_8' title='bbox 556 271 658 331; x_wconf 91' lang='lat' dir='ltr'>domo</span> <span class='ocrx_word' id='word_1_9' title='bbox 676 268 748 349; x_wconf 83' lang='lat' dir='ltr'>ejus</span> <span class='ocrx_word' id='word_1_10' title='bbox 771 284 897 351; x_wconf 88' lang='lat' dir='ltr'>reperta</span> <span class='ocrx_word' id='word_1_11' title='bbox 916 283 981 347; x_wconf 89' lang='lat' dir='ltr'>est,</span> <span class='ocrx_word' id='word_1_12' title='bbox 1014 268 1052 333; x_wconf 90' lang='lat' dir='ltr'>iu</span> <span class='ocrx_word' id='word_1_13' title='bbox 1071 290 1140 352; x_wconf 86' lang='lat' dir='ltr'>qua</span> <span class='ocrx_word' id='word_1_14' title='bbox 1157 290 1228 335; x_wconf 87' lang='lat' dir='ltr'>sua-</span> 
     </span>
     <span class='ocr_line' id='line_1_3' title="bbox 241 354 1228 456; baseline -0.007 -15"><span class='ocrx_word' id='word_1_15' title='bbox 241 379 298 441; x_wconf 86' lang='lat' dir='ltr'>det</span> <span class='ocrx_word' id='word_1_16' title='bbox 315 354 597 449; x_wconf 70' lang='lat' dir='ltr'>Lacedaerrs&#39;oniis,</span> <span class='ocrx_word' id='word_1_17' title='bbox 619 390 671 449; x_wconf 89' lang='lat' dir='ltr'>ut,</span> <span class='ocrx_word' id='word_1_18' title='bbox 690 373 777 456; x_wconf 83' lang='lat' dir='ltr'>regia</span> <span class='ocrx_word' id='word_1_19' title='bbox 798 388 956 454; x_wconf 75' lang='lat' dir='ltr'>potestate</span> <span class='ocrx_word' id='word_1_20' title='bbox 977 372 1155 452; x_wconf 80' lang='lat' dir='ltr'>dissoluta,</span> <span class='ocrx_word' id='word_1_21' title='bbox 1183 398 1228 442; x_wconf 84' lang='lat' dir='ltr'>ex</span> 
     </span>
    </p>
   </div>
   <div class='ocr_carea' id='block_1_3' title="bbox 239 479 1230 877">
    <p class='ocr_par' dir='ltr' id='par_1_3' title="bbox 239 479 1230 877">
     <span class='ocr_line' id='line_1_4' title="bbox 240 479 1228 562; baseline 0 -17"><span class='ocrx_word' id='word_1_22' title='bbox 240 483 401 545; x_wconf 90' lang='lat' dir='ltr'>omnibus</span> <span class='ocrx_word' id='word_1_23' title='bbox 427 482 500 542; x_wconf 81' lang='lat' dir='ltr'>dux</span> <span class='ocrx_word' id='word_1_24' title='bbox 525 481 690 562; x_wconf 78' lang='lat' dir='ltr'>deligatur</span> <span class='ocrx_word' id='word_1_25' title='bbox 715 480 757 540; x_wconf 91' lang='lat' dir='ltr'>ad</span> <span class='ocrx_word' id='word_1_26' title='bbox 783 479 915 539; x_wconf 89' lang='lat' dir='ltr'>bellurn</span> <span class='ocrx_word' id='word_1_27' title='bbox 934 481 1135 561; x_wconf 70' lang='lat' dir='ltr'>gerendum</span> <span class='ocrx_word' id='word_1_28' title='bbox 1168 482 1228 545; x_wconf 87' lang='lat' dir='ltr'>sed</span> 
     </span>
     <span class='ocr_line' id='line_1_5' title="bbox 239 582 1230 669; baseline 0.002 -20"><span class='ocrx_word' id='word_1_29' title='bbox 239 588 286 649; x_wconf 89' lang='lat' dir='ltr'>ita</span> <span class='ocrx_word' id='word_1_30' title='bbox 299 587 433 668; x_wconf 86' lang='lat' dir='ltr'>scripta,</span> <span class='ocrx_word' id='word_1_31' title='bbox 453 601 492 647; x_wconf 87' lang='lat' dir='ltr'>ut</span> <span class='ocrx_word' id='word_1_32' title='bbox 503 587 643 647; x_wconf 89' lang='lat' dir='ltr'>deorum</span> <span class='ocrx_word' id='word_1_33' title='bbox 661 582 833 646; x_wconf 88' lang='lat' dir='ltr'>videretur</span> <span class='ocrx_word' id='word_1_34' title='bbox 849 583 1025 645; x_wconf 86' lang='lat' dir='ltr'>sententiae</span> <span class='ocrx_word' id='word_1_35' title='bbox 1036 605 1230 669; x_wconf 79' lang='lat' dir='ltr'>congruere,</span> 
     </span>
     <span class='ocr_line' id='line_1_6' title="bbox 240 686 1228 773; baseline 0.002 -22"><span class='ocrx_word' id='word_1_36' title='bbox 240 712 343 773; x_wconf 89' lang='lat' dir='ltr'>quarn</span> <span class='ocrx_word' id='word_1_37' title='bbox 365 690 424 752; x_wconf 89' lang='lat' dir='ltr'>ille</span> <span class='ocrx_word' id='word_1_38' title='bbox 442 709 478 753; x_wconf 87' lang='lat' dir='ltr'>se</span> <span class='ocrx_word' id='word_1_39' title='bbox 496 689 691 751; x_wconf 86' lang='lat' dir='ltr'>habiturum</span> <span class='ocrx_word' id='word_1_40' title='bbox 711 686 854 768; x_wconf 89' lang='lat' dir='ltr'>pecunia</span> <span class='ocrx_word' id='word_1_41' title='bbox 875 687 982 750; x_wconf 86' lang='lat' dir='ltr'>fidens</span> <span class='ocrx_word' id='word_1_42' title='bbox 1005 709 1078 751; x_wconf 91' lang='lat' dir='ltr'>non</span> <span class='ocrx_word' id='word_1_43' title='bbox 1098 692 1228 755; x_wconf 88' lang='lat' dir='ltr'>dubita·</span> 
     </span>
     <span class='ocr_line' id='line_1_7' title="bbox 242 790 1228 877; baseline 0.004 -21"><span class='ocrx_word' id='word_1_44' title='bbox 242 802 301 859; x_wconf 86' lang='lat' dir='ltr'>rat.</span> <span class='ocrx_word' id='word_1_45' title='bbox 340 794 443 859; x_wconf 90' lang='lat' dir='ltr'>Hanc</span> <span class='ocrx_word' id='word_1_46' title='bbox 456 795 489 859; x_wconf 87' lang='lat' dir='ltr'>ei</span> <span class='ocrx_word' id='word_1_47' title='bbox 504 793 668 877; x_wconf 72' lang='lat' dir='ltr'>scripsisse</span> <span class='ocrx_word' id='word_1_48' title='bbox 685 791 792 855; x_wconf 83' lang='lat' dir='ltr'>Cleon</span> <span class='ocrx_word' id='word_1_49' title='bbox 803 790 1078 855; x_wconf 78' lang='lat' dir='ltr'>Halicarnasseus</span> <span class='ocrx_word' id='word_1_50' title='bbox 1094 793 1228 860; x_wconf 79' lang='lat' dir='ltr'>dicitur.</span> 
     </span>
    </p>
   </div>
   <div class='ocr_carea' id='block_1_4' title="bbox 597 994 813 1068">
    <p class='ocr_par' dir='ltr' id='par_1_4' title="bbox 597 994 813 1068">
     <span class='ocr_line' id='line_1_8' title="bbox 597 994 813 1068; baseline -0.014 0"><span class='ocrx_word' id='word_1_51' title='bbox 597 997 701 1068; x_wconf 74' lang='lat' dir='ltr'>Car.</span> <span class='ocrx_word' id='word_1_52' title='bbox 751 994 813 1066; x_wconf 89' lang='lat' dir='ltr'>lV.</span> 
     </span>
    </p>
   </div>
   <div class='ocr_carea' id='block_1_5' title="bbox 178 1139 1311 2065">
    <p class='ocr_par' dir='ltr' id='par_1_5' title="bbox 178 1139 1311 1957">
     <span class='ocr_line' id='line_1_9' title="bbox 178 1139 1311 1223; baseline 0.002 -15"><span class='ocrx_word' id='word_1_53' title='bbox 178 1160 209 1208; x_wconf 83' lang='grc' dir='ltr'>ι.</span> <span class='ocrx_word' id='word_1_54' title='bbox 240 1140 359 1223; x_wconf 85' lang='lat' dir='ltr'>Atque</span> <span class='ocrx_word' id='word_1_55' title='bbox 381 1139 540 1203; x_wconf 89' lang='lat' dir='ltr'>hocloco</span> <span class='ocrx_word' id='word_1_56' title='bbox 556 1160 626 1202; x_wconf 91' lang='lat' dir='ltr'>non</span> <span class='ocrx_word' id='word_1_57' title='bbox 648 1151 696 1199; x_wconf 86' lang='lat' dir='ltr'>est</span> <span class='ocrx_word' id='word_1_58' title='bbox 709 1142 975 1217; x_wconf 78' lang='lat' dir='ltr'>pratereundum</span> <span class='ocrx_word' id='word_1_59' title='bbox 989 1142 1115 1208; x_wconf 82' lang='lat' dir='ltr'>factum</span> <span class='ocrx_word' id='word_1_60' title='bbox 1123 1142 1227 1210; x_wconf 74' lang='lat' dir='ltr'>Phar·</span> <span class='ocrx_word' id='word_1_61' title='bbox 1308 1168 1311 1177; x_wconf 93' lang='lat'>·</span> 
     </span>
     <span class='ocr_line' id='line_1_10' title="bbox 241 1243 1229 1334; baseline 0.008 -27"><span class='ocrx_word' id='word_1_62' title='bbox 241 1247 374 1322; x_wconf 86' lang='lat' dir='ltr'>nabazi,</span> <span class='ocrx_word' id='word_1_63' title='bbox 394 1247 529 1328; x_wconf 79' lang='lat' dir='ltr'>satrapis</span> <span class='ocrx_word' id='word_1_64' title='bbox 538 1243 650 1327; x_wconf 85' lang='lat' dir='ltr'>Regii.</span> <span class='ocrx_word' id='word_1_65' title='bbox 665 1306 672 1322; x_wconf 69' lang='lat'>‚</span> <span class='ocrx_word' id='word_1_66' title='bbox 691 1243 780 1305; x_wconf 89' lang='lat' dir='ltr'>Nam</span> <span class='ocrx_word' id='word_1_67' title='bbox 797 1265 903 1325; x_wconf 88' lang='lat' dir='ltr'>quum</span> <span class='ocrx_word' id='word_1_68' title='bbox 917 1249 1090 1331; x_wconf 80' lang='lat' dir='ltr'>Lysander</span> <span class='ocrx_word' id='word_1_69' title='bbox 1100 1249 1229 1334; x_wconf 75' lang='lat' dir='ltr'>praefec-</span> 
     </span>
     <span class='ocr_line' id='line_1_11' title="bbox 239 1349 1227 1439; baseline 0.006 -24"><span class='ocrx_word' id='word_1_70' title='bbox 239 1370 292 1415; x_wconf 88' lang='lat' dir='ltr'>tus</span> <span class='ocrx_word' id='word_1_71' title='bbox 312 1351 422 1415; x_wconf 88' lang='lat' dir='ltr'>classis</span> <span class='ocrx_word' id='word_1_72' title='bbox 435 1351 473 1413; x_wconf 86' lang='lat' dir='ltr'>in</span> <span class='ocrx_word' id='word_1_73' title='bbox 488 1352 579 1413; x_wconf 87' lang='lat' dir='ltr'>bello</span> <span class='ocrx_word' id='word_1_74' title='bbox 594 1350 701 1410; x_wconf 88' lang='lat' dir='ltr'>multa</span> <span class='ocrx_word' id='word_1_75' title='bbox 715 1349 894 1414; x_wconf 83' lang='lat' dir='ltr'>crudeliter</span> <span class='ocrx_word' id='word_1_76' title='bbox 907 1374 1072 1439; x_wconf 85' lang='lat' dir='ltr'>avareque</span> <span class='ocrx_word' id='word_1_77' title='bbox 1085 1356 1227 1436; x_wconf 80' lang='lat' dir='ltr'>fecisset,</span> 
     </span>
     <span class='ocr_line' id='line_1_12' title="bbox 238 1455 1227 1545; baseline 0.005 -23"><span class='ocrx_word' id='word_1_78' title='bbox 238 1460 348 1541; x_wconf 88' lang='lat' dir='ltr'>deque</span> <span class='ocrx_word' id='word_1_79' title='bbox 370 1458 423 1521; x_wconf 89' lang='lat' dir='ltr'>his</span> <span class='ocrx_word' id='word_1_80' title='bbox 441 1461 542 1519; x_wconf 87' lang='lat' dir='ltr'>rebus</span> <span class='ocrx_word' id='word_1_81' title='bbox 559 1457 779 1537; x_wconf 84' lang='lat' dir='ltr'>suspicaretur</span> <span class='ocrx_word' id='word_1_82' title='bbox 799 1456 841 1518; x_wconf 89' lang='lat' dir='ltr'>ad</span> <span class='ocrx_word' id='word_1_83' title='bbox 861 1455 952 1520; x_wconf 79' lang='lat' dir='ltr'>cives</span> <span class='ocrx_word' id='word_1_84' title='bbox 970 1479 1047 1523; x_wconf 88' lang='lat' dir='ltr'>suos</span> <span class='ocrx_word' id='word_1_85' title='bbox 1068 1483 1137 1526; x_wconf 88' lang='lat' dir='ltr'>esse</span> <span class='ocrx_word' id='word_1_86' title='bbox 1158 1484 1227 1545; x_wconf 87' lang='lat' dir='ltr'>per·</span> 
     </span>
     <span class='ocr_line' id='line_1_13' title="bbox 239 1561 1227 1646; baseline 0 -18"><span class='ocrx_word' id='word_1_87' title='bbox 239 1568 365 1640; x_wconf 85' lang='lat' dir='ltr'>latum,</span> <span class='ocrx_word' id='word_1_88' title='bbox 386 1562 483 1646; x_wconf 90' lang='lat' dir='ltr'>petiit</span> <span class='ocrx_word' id='word_1_89' title='bbox 503 1582 522 1622; x_wconf 89' lang='lat' dir='ltr'>a</span> <span class='ocrx_word' id='word_1_90' title='bbox 543 1561 778 1635; x_wconf 78' lang='lat' dir='ltr'>Pharnabazo,</span> <span class='ocrx_word' id='word_1_91' title='bbox 800 1577 837 1623; x_wconf 91' lang='lat' dir='ltr'>ut</span> <span class='ocrx_word' id='word_1_92' title='bbox 861 1563 903 1623; x_wconf 91' lang='lat' dir='ltr'>ad</span> <span class='ocrx_word' id='word_1_93' title='bbox 923 1562 1079 1645; x_wconf 80' lang='lat' dir='ltr'>Ephesos</span> <span class='ocrx_word' id='word_1_94' title='bbox 1097 1565 1164 1628; x_wconf 85' lang='lat' dir='ltr'>sibi</span> <span class='ocrx_word' id='word_1_95' title='bbox 1184 1581 1227 1628; x_wconf 90' lang='lat' dir='ltr'>te·</span> 
     </span>
     <span class='ocr_line' id='line_1_14' title="bbox 236 1665 1232 1750; baseline -0.002 -17"><span class='ocrx_word' id='word_1_96' title='bbox 236 1669 439 1733; x_wconf 87' lang='lat' dir='ltr'>stimonium</span> <span class='ocrx_word' id='word_1_97' title='bbox 458 1667 566 1738; x_wconf 83' lang='lat' dir='ltr'>daret,</span> <span class='ocrx_word' id='word_1_98' title='bbox 588 1679 713 1744; x_wconf 89' lang='lat' dir='ltr'>quanta</span> <span class='ocrx_word' id='word_1_99' title='bbox 733 1665 906 1728; x_wconf 78' lang='lat' dir='ltr'>sanctitate</span> <span class='ocrx_word' id='word_1_100' title='bbox 922 1668 1054 1729; x_wconf 86' lang='lat' dir='ltr'>bellum</span> <span class='ocrx_word' id='word_1_101' title='bbox 1071 1668 1232 1750; x_wconf 79' lang='lat' dir='ltr'>gessisset.</span> 
     </span>
     <span class='ocr_line' id='line_1_15' title="bbox 237 1769 1230 1853; baseline -0.004 -16"><span class='ocrx_word' id='word_1_102' title='bbox 237 1776 411 1853; x_wconf 88' lang='lat' dir='ltr'>sociosque</span> <span class='ocrx_word' id='word_1_103' title='bbox 436 1784 616 1842; x_wconf 80' lang='lat' dir='ltr'>tractasset,</span> <span class='ocrx_word' id='word_1_104' title='bbox 648 1769 759 1848; x_wconf 87' lang='lat' dir='ltr'>deque</span> <span class='ocrx_word' id='word_1_105' title='bbox 785 1788 824 1829; x_wconf 89' lang='lat' dir='ltr'>ea</span> <span class='ocrx_word' id='word_1_106' title='bbox 845 1787 880 1830; x_wconf 90' lang='lat' dir='ltr'>re</span> <span class='ocrx_word' id='word_1_107' title='bbox 898 1783 1046 1830; x_wconf 87' lang='lat' dir='ltr'>accurate</span> <span class='ocrx_word' id='word_1_108' title='bbox 1065 1770 1230 1834; x_wconf 83' lang='lat' dir='ltr'>scriberet.</span> 
     </span>
     <span class='ocr_line' id='line_1_16' title="bbox 239 1869 1229 1957; baseline 0 -20"><span class='ocrx_word' id='word_1_109' title='bbox 239 1877 402 1957; x_wconf 83' lang='lat' dir='ltr'>Magnam</span> <span class='ocrx_word' id='word_1_110' title='bbox 423 1872 518 1933; x_wconf 88' lang='lat' dir='ltr'>enim</span> <span class='ocrx_word' id='word_1_111' title='bbox 538 1870 610 1952; x_wconf 83' lang='lat' dir='ltr'>ejus</span> <span class='ocrx_word' id='word_1_112' title='bbox 630 1869 858 1935; x_wconf 85' lang='lat' dir='ltr'>auctoritatem</span> <span class='ocrx_word' id='word_1_113' title='bbox 884 1872 922 1934; x_wconf 88' lang='lat' dir='ltr'>in</span> <span class='ocrx_word' id='word_1_114' title='bbox 946 1892 984 1935; x_wconf 87' lang='lat' dir='ltr'>ea</span> <span class='ocrx_word' id='word_1_115' title='bbox 1010 1893 1045 1936; x_wconf 89' lang='lat' dir='ltr'>re</span> <span class='ocrx_word' id='word_1_116' title='bbox 1068 1872 1229 1938; x_wconf 83' lang='lat' dir='ltr'>futuram.</span> 
     </span>
    </p>

    <p class='ocr_par' dir='ltr' id='par_1_6' title="bbox 183 1975 1229 2065">
     <span class='ocr_line' id='line_1_17' title="bbox 183 1975 1229 2065; baseline 0.002 -24"><span class='ocrx_word' id='word_1_117' title='bbox 183 2000 214 2050; x_wconf 74' lang='lat' dir='ltr'>a.</span> <span class='ocrx_word' id='word_1_118' title='bbox 241 1978 337 2041; x_wconf 89' lang='lat' dir='ltr'>Huic</span> <span class='ocrx_word' id='word_1_119' title='bbox 348 1977 408 2041; x_wconf 91' lang='lat' dir='ltr'>ille</span> <span class='ocrx_word' id='word_1_120' title='bbox 419 1975 598 2039; x_wconf 86' lang='lat' dir='ltr'>liberaliter</span> <span class='ocrx_word' id='word_1_121' title='bbox 609 1976 796 2058; x_wconf 87' lang='lat' dir='ltr'>pollicetur.</span> <span class='ocrx_word' id='word_1_122' title='bbox 836 1977 979 2043; x_wconf 85' lang='lat' dir='ltr'>Librum</span> <span class='ocrx_word' id='word_1_123' title='bbox 992 2000 1129 2065; x_wconf 83' lang='lat' dir='ltr'>gravem</span> <span class='ocrx_word' id='word_1_124' title='bbox 1142 1982 1229 2045; x_wconf 87' lang='lat' dir='ltr'>mul·</span> 
     </span>
    </p>
   </div>
   <div class='ocr_carea' id='block_1_6' title="bbox 176 2150 1227 2399">
    <p class='ocr_par' dir='ltr' id='par_1_7' title="bbox 176 2150 1227 2399">
     <span class='ocr_line' id='line_1_18' title="bbox 216 2150 1227 2230; baseline 0.005 -18"><span class='ocrx_word' id='word_1_125' title='bbox 216 2160 266 2214; x_wconf 84' lang='lat' dir='ltr'>IV.</span> <span class='ocrx_word' id='word_1_126' title='bbox 288 2177 312 2212; x_wconf 87' lang='grc' dir='ltr'>ι.</span> <span class='ocrx_word' id='word_1_127' title='bbox 331 2164 444 2227; x_wconf 79' lang='lat' dir='ltr'>quanta</span> <span class='ocrx_word' id='word_1_128' title='bbox 461 2150 640 2222; x_wconf 78' lang='lat' dir='ltr'>sanctitate]</span> <span class='ocrx_word' id='word_1_129' title='bbox 674 2156 829 2210; x_wconf 71' lang='lat' dir='ltr'>Sanctitas</span> <span class='ocrx_word' id='word_1_130' title='bbox 840 2162 877 2210; x_wconf 85' lang='lat' dir='ltr'>lst</span> <span class='ocrx_word' id='word_1_131' title='bbox 889 2156 931 2211; x_wconf 86' lang='lat' dir='ltr'>ost</span> <span class='ocrx_word' id='word_1_132' title='bbox 943 2155 988 2211; x_wconf 87' lang='lat' dir='ltr'>die</span> <span class='ocrx_word' id='word_1_133' title='bbox 999 2158 1160 2230; x_wconf 77' lang='lat' dir='ltr'>puncslichs</span> <span class='ocrx_word' id='word_1_134' title='bbox 1170 2162 1227 2217; x_wconf 80' lang='lat' dir='ltr'>Er·</span> 
     </span>
     <span class='ocr_line' id='line_1_19' title="bbox 176 2238 1225 2314; baseline 0.003 -15"><span class='ocrx_word' id='word_1_135' title='bbox 176 2243 293 2314; x_wconf 70' lang='lat' dir='ltr'>tollung</span> <span class='ocrx_word' id='word_1_136' title='bbox 312 2241 385 2298; x_wconf 79' lang='lat' dir='ltr'>aller</span> <span class='ocrx_word' id='word_1_137' title='bbox 400 2240 452 2294; x_wconf 85' lang='lat' dir='ltr'>der</span> <span class='ocrx_word' id='word_1_138' title='bbox 466 2238 619 2304; x_wconf 83' lang='lat' dir='ltr'>Pilichteu‚</span> <span class='ocrx_word' id='word_1_139' title='bbox 636 2241 743 2295; x_wconf 80' lang='lat' dir='ltr'>welche</span> <span class='ocrx_word' id='word_1_140' title='bbox 755 2260 820 2296; x_wconf 85' lang='lat' dir='ltr'>msa</span> <span class='ocrx_word' id='word_1_141' title='bbox 839 2263 873 2296; x_wconf 88' lang='lat' dir='ltr'>su</span> <span class='ocrx_word' id='word_1_142' title='bbox 887 2242 1006 2298; x_wconf 82' lang='lat' dir='ltr'>ersttllea</span> <span class='ocrx_word' id='word_1_143' title='bbox 1024 2246 1090 2311; x_wconf 85' lang='lat' dir='ltr'>hat,</span> <span class='ocrx_word' id='word_1_144' title='bbox 1109 2246 1167 2300; x_wconf 86' lang='lat' dir='ltr'>und</span> <span class='ocrx_word' id='word_1_145' title='bbox 1178 2246 1225 2302; x_wconf 82' lang='lat' dir='ltr'>dle</span> 
     </span>
     <span class='ocr_line' id='line_1_20' title="bbox 178 2323 1225 2399; baseline 0.003 -16"><span class='ocrx_word' id='word_1_146' title='bbox 178 2328 372 2399; x_wconf 69' lang='lat' dir='ltr'>sorgssltigsts</span> <span class='ocrx_word' id='word_1_147' title='bbox 389 2323 581 2394; x_wconf 72' lang='lat' dir='ltr'>Vsrmetdong</span> <span class='ocrx_word' id='word_1_148' title='bbox 599 2326 668 2379; x_wconf 84' lang='lat' dir='ltr'>alles</span> <span class='ocrx_word' id='word_1_149' title='bbox 687 2326 806 2391; x_wconf 78' lang='lat' dir='ltr'>desecas,</span> <span class='ocrx_word' id='word_1_150' title='bbox 825 2347 882 2383; x_wconf 80' lang='lat' dir='ltr'>was</span> <span class='ocrx_word' id='word_1_151' title='bbox 902 2330 1027 2385; x_wconf 84' lang='lat' dir='ltr'>Uorecht</span> <span class='ocrx_word' id='word_1_152' title='bbox 1047 2333 1137 2386; x_wconf 68' lang='lat' dir='ltr'>wira:</span> <span class='ocrx_word' id='word_1_153' title='bbox 1164 2332 1225 2387; x_wconf 84' lang='lat' dir='ltr'>Gs-</span> 
     </span>
    </p>
   </div>
   <div class='ocr_carea' id='block_1_7' title="bbox 65 2410 1225 2489">
    <p class='ocr_par' dir='ltr' id='par_1_8' title="bbox 65 2410 1225 2489">
     <span class='ocr_line' id='line_1_21' title="bbox 65 2410 1225 2489; baseline 0.01 -28"><span class='ocrx_word' id='word_1_154' title='bbox 65 2440 72 2461; x_wconf 82' lang='lat'><strong>.</strong></span> <span class='ocrx_word' id='word_1_155' title='bbox 177 2412 462 2489; x_wconf 60' lang='lat' dir='ltr'>nasaniasltgtett.</span> <span class='ocrx_word' id='word_1_156' title='bbox 509 2411 564 2463; x_wconf 84' lang='lat' dir='ltr'>Dis</span> <span class='ocrx_word' id='word_1_157' title='bbox 583 2410 719 2482; x_wconf 71' lang='lat' dir='ltr'>sasleger</span> <span class='ocrx_word' id='word_1_158' title='bbox 739 2414 831 2468; x_wconf 85' lang='lat' dir='ltr'>haben</span> <span class='ocrx_word' id='word_1_159' title='bbox 852 2414 943 2469; x_wconf 82' lang='lat' dir='ltr'>dieses</span> <span class='ocrx_word' id='word_1_160' title='bbox 965 2416 1054 2472; x_wconf 88' lang='lat' dir='ltr'>Wort</span> <span class='ocrx_word' id='word_1_161' title='bbox 1075 2436 1109 2471; x_wconf 83' lang='lat' dir='ltr'>sa</span> <span class='ocrx_word' id='word_1_162' title='bbox 1126 2422 1225 2489; x_wconf 70' lang='lat' dir='ltr'>elage-</span> 
     </span>
    </p>
   </div>
   <div class='ocr_carea' id='block_1_8' title="bbox 177 2494 1225 2739">
    <p class='ocr_par' dir='ltr' id='par_1_9' title="bbox 177 2494 1225 2739">
     <span class='ocr_line' id='line_1_22' title="bbox 177 2494 1225 2570; baseline 0 -14"><span class='ocrx_word' id='word_1_163' title='bbox 177 2502 311 2557; x_wconf 82' lang='lat' dir='ltr'>schr‘s&#39;ultt</span> <span class='ocrx_word' id='word_1_164' title='bbox 329 2494 537 2552; x_wconf 79' lang='lat' dir='ltr'>erklilrtdureh</span> <span class='ocrx_word' id='word_1_165' title='bbox 551 2494 697 2565; x_wconf 78' lang='lat' dir='ltr'>justitia,</span> <span class='ocrx_word' id='word_1_166' title='bbox 717 2499 897 2567; x_wconf 83' lang='lat' dir='ltr'>moderatio,</span> <span class='ocrx_word' id='word_1_167' title='bbox 918 2507 1088 2570; x_wconf 78' lang='lat' dir='ltr'>integritas.</span> <span class='ocrx_word' id='word_1_168' title='bbox 1123 2505 1161 2557; x_wconf 81' lang='lat' dir='ltr'>Es</span> <span class='ocrx_word' id='word_1_169' title='bbox 1173 2505 1225 2556; x_wconf 85' lang='lat' dir='ltr'>bs-</span> 
     </span>
     <span class='ocr_line' id='line_1_23' title="bbox 179 2581 1224 2657; baseline 0.003 -18"><span class='ocrx_word' id='word_1_170' title='bbox 179 2586 262 2657; x_wconf 78' lang='lat' dir='ltr'>greist</span> <span class='ocrx_word' id='word_1_171' title='bbox 284 2586 359 2639; x_wconf 79' lang='lat' dir='ltr'>diere</span> <span class='ocrx_word' id='word_1_172' title='bbox 380 2582 538 2653; x_wconf 75' lang='lat' dir='ltr'>Tugeaden</span> <span class='ocrx_word' id='word_1_173' title='bbox 563 2581 683 2654; x_wconf 77' lang='lat' dir='ltr'>freylich</span> <span class='ocrx_word' id='word_1_174' title='bbox 712 2585 766 2637; x_wconf 84' lang='lat' dir='ltr'>alle</span> <span class='ocrx_word' id='word_1_175' title='bbox 793 2590 823 2637; x_wconf 89' lang='lat' dir='ltr'>ia</span> <span class='ocrx_word' id='word_1_176' title='bbox 849 2587 925 2651; x_wconf 83' lang='lat' dir='ltr'>sich,</span> <span class='ocrx_word' id='word_1_177' title='bbox 958 2588 1025 2639; x_wconf 83' lang='lat' dir='ltr'>aber</span> <span class='ocrx_word' id='word_1_178' title='bbox 1050 2586 1122 2640; x_wconf 84' lang='lat' dir='ltr'>such</span> <span class='ocrx_word' id='word_1_179' title='bbox 1149 2586 1224 2642; x_wconf 83' lang='lat' dir='ltr'>noch</span> 
     </span>
     <span class='ocr_line' id='line_1_24' title="bbox 177 2668 1225 2739; baseline 0.002 -14"><span class='ocrx_word' id='word_1_180' title='bbox 177 2673 305 2725; x_wconf 82' lang='lat' dir='ltr'>mehiere</span> <span class='ocrx_word' id='word_1_181' title='bbox 323 2669 441 2737; x_wconf 81' lang='lat' dir='ltr'>andere,</span> <span class='ocrx_word' id='word_1_182' title='bbox 460 2668 519 2722; x_wconf 86' lang='lat' dir='ltr'>uad</span> <span class='ocrx_word' id='word_1_183' title='bbox 537 2669 586 2722; x_wconf 88' lang='lat' dir='ltr'>hat</span> <span class='ocrx_word' id='word_1_184' title='bbox 603 2668 649 2722; x_wconf 82' lang='lat' dir='ltr'>dis</span> <span class='ocrx_word' id='word_1_185' title='bbox 663 2669 898 2739; x_wconf 79' lang='lat' dir='ltr'>Allgemeiaheit‚</span> <span class='ocrx_word' id='word_1_186' title='bbox 915 2672 1021 2726; x_wconf 74' lang='lat' dir='ltr'>welche</span> <span class='ocrx_word' id='word_1_187' title='bbox 1040 2672 1086 2724; x_wconf 86' lang='lat' dir='ltr'>ich</span> <span class='ocrx_word' id='word_1_188' title='bbox 1099 2672 1159 2725; x_wconf 85' lang='lat' dir='ltr'>ihm</span> <span class='ocrx_word' id='word_1_189' title='bbox 1172 2690 1225 2727; x_wconf 86' lang='lat' dir='ltr'>su·</span> 
     </span>
    </p>
   </div>
   <div class='ocr_carea' id='block_1_9' title="bbox 60 2750 299 2812">
    <p class='ocr_par' dir='ltr' id='par_1_10' title="bbox 60 2750 299 2812">
     <span class='ocr_line' id='line_1_25' title="bbox 60 2750 299 2812; baseline 0 0"><span class='ocrx_word' id='word_1_190' title='bbox 60 2750 67 2759; x_wconf 78' lang='grc'><strong>’</strong></span> <span class='ocrx_word' id='word_1_191' title='bbox 179 2758 299 2812; x_wconf 84' lang='lat' dir='ltr'>schrieb.</span> 
     </span>
    </p>
   </div>
   <div class='ocr_carea' id='block_1_10' title="bbox 178 2893 1224 3479">
    <p class='ocr_par' dir='ltr' id='par_1_11' title="bbox 178 2893 1224 3479">
     <span class='ocr_line' id='line_1_26' title="bbox 217 2893 1224 2964; baseline 0.008 -19"><span class='ocrx_word' id='word_1_192' title='bbox 217 2916 244 2951; x_wconf 60' lang='grc' dir='ltr'>ς.</span> <span class='ocrx_word' id='word_1_193' title='bbox 271 2895 434 2948; x_wconf 78' lang='lat' dir='ltr'>liberaliter</span> <span class='ocrx_word' id='word_1_194' title='bbox 449 2893 624 2964; x_wconf 79' lang='lat' dir='ltr'>pollicetar]</span> <span class='ocrx_word' id='word_1_195' title='bbox 666 2894 843 2949; x_wconf 79' lang='lat' dir='ltr'>Liberallter</span> <span class='ocrx_word' id='word_1_196' title='bbox 859 2901 896 2951; x_wconf 87' lang='lat' dir='ltr'>lst</span> <span class='ocrx_word' id='word_1_197' title='bbox 914 2896 977 2951; x_wconf 83' lang='lat' dir='ltr'>hier</span> <span class='ocrx_word' id='word_1_198' title='bbox 992 2897 1058 2950; x_wconf 79' lang='lat' dir='ltr'>vall</span> <span class='ocrx_word' id='word_1_199' title='bbox 1076 2899 1224 2955; x_wconf 78' lang='lat' dir='ltr'>Verbiad-</span> 
     </span>
     <span class='ocr_line' id='line_1_27' title="bbox 180 2978 1223 3055; baseline 0.002 -19"><span class='ocrx_word' id='word_1_200' title='bbox 180 2984 313 3045; x_wconf 61' lang='lat' dir='ltr'>lectitare,</span> <span class='ocrx_word' id='word_1_201' title='bbox 331 2979 526 3053; x_wconf 52' lang='lat' dir='ltr'>hostiolam,</span> <span class='ocrx_word' id='word_1_202' title='bbox 544 2986 604 3034; x_wconf 76' lang='lat' dir='ltr'>sris</span> <span class='ocrx_word' id='word_1_203' title='bbox 626 2999 655 3032; x_wconf 80' lang='lat' dir='ltr'>es</span> <span class='ocrx_word' id='word_1_204' title='bbox 674 2979 736 3032; x_wconf 76' lang='lat' dir='ltr'>siclt</span> <span class='ocrx_word' id='word_1_205' title='bbox 748 2978 811 3053; x_wconf 83' lang='lat' dir='ltr'>fr&#39;tr</span> <span class='ocrx_word' id='word_1_206' title='bbox 832 2987 915 3035; x_wconf 77' lang='lat' dir='ltr'>elaea</span> <span class='ocrx_word' id='word_1_207' title='bbox 932 2985 1029 3037; x_wconf 80' lang='lat' dir='ltr'>Marta</span> <span class='ocrx_word' id='word_1_208' title='bbox 1050 3003 1111 3037; x_wconf 79' lang='lat' dir='ltr'>voa</span> <span class='ocrx_word' id='word_1_209' title='bbox 1120 2995 1223 3055; x_wconf 70' lang='lat' dir='ltr'>gestem</span> 
     </span>
     <span class='ocr_line' id='line_1_28' title="bbox 180 3063 1223 3139; baseline 0.002 -21"><span class='ocrx_word' id='word_1_210' title='bbox 180 3064 246 3121; x_wconf 78' lang='lat' dir='ltr'>Tora</span> <span class='ocrx_word' id='word_1_211' title='bbox 264 3063 324 3115; x_wconf 78' lang='lat' dir='ltr'>trad</span> <span class='ocrx_word' id='word_1_212' title='bbox 334 3064 439 3137; x_wconf 81' lang='lat' dir='ltr'>ssiasr</span> <span class='ocrx_word' id='word_1_213' title='bbox 454 3066 614 3121; x_wconf 80' lang='lat' dir='ltr'>Lebeasart</span> <span class='ocrx_word' id='word_1_214' title='bbox 631 3064 750 3121; x_wconf 78' lang='lat' dir='ltr'>scttctr.</span> <span class='ocrx_word' id='word_1_215' title='bbox 798 3068 835 3121; x_wconf 79' lang='lat' dir='ltr'>lis</span> <span class='ocrx_word' id='word_1_216' title='bbox 863 3084 928 3139; x_wconf 73' lang='lat' dir='ltr'>mag</span> <span class='ocrx_word' id='word_1_217' title='bbox 948 3070 1000 3122; x_wconf 84' lang='lat' dir='ltr'>aul</span> <span class='ocrx_word' id='word_1_218' title='bbox 1019 3070 1063 3122; x_wconf 80' lang='lat' dir='ltr'>slis</span> <span class='ocrx_word' id='word_1_219' title='bbox 1082 3070 1153 3123; x_wconf 87' lang='lat' dir='ltr'>Sltts</span> <span class='ocrx_word' id='word_1_220' title='bbox 1172 3083 1223 3139; x_wconf 69' lang='lat' dir='ltr'>gs-</span> 
     </span>
     <span class='ocr_line' id='line_1_29' title="bbox 179 3150 1223 3226; baseline 0.001 -21"><span class='ocrx_word' id='word_1_221' title='bbox 179 3156 281 3205; x_wconf 71' lang='lat' dir='ltr'>nister</span> <span class='ocrx_word' id='word_1_222' title='bbox 300 3150 446 3219; x_wconf 71' lang='lat' dir='ltr'>gessltiger</span> <span class='ocrx_word' id='word_1_223' title='bbox 465 3154 550 3206; x_wconf 73' lang='lat' dir='ltr'>Leuce</span> <span class='ocrx_word' id='word_1_224' title='bbox 568 3154 720 3206; x_wconf 84' lang='lat' dir='ltr'>llucksicht</span> <span class='ocrx_word' id='word_1_225' title='bbox 744 3169 912 3222; x_wconf 73' lang='lat' dir='ltr'>getremmon</span> <span class='ocrx_word' id='word_1_226' title='bbox 931 3173 1015 3226; x_wconf 66' lang='lat' dir='ltr'>atyn,</span> <span class='ocrx_word' id='word_1_227' title='bbox 1047 3152 1150 3206; x_wconf 72' lang='lat' dir='ltr'>welche</span> <span class='ocrx_word' id='word_1_228' title='bbox 1170 3154 1223 3206; x_wconf 85' lang='lat' dir='ltr'>mit</span> 
     </span>
     <span class='ocr_line' id='line_1_30' title="bbox 178 3234 1223 3311; baseline 0.002 -19"><span class='ocrx_word' id='word_1_229' title='bbox 178 3238 245 3292; x_wconf 87' lang='lat' dir='ltr'>dem</span> <span class='ocrx_word' id='word_1_230' title='bbox 264 3234 455 3307; x_wconf 83' lang='lat' dir='ltr'>Vertprschen</span> <span class='ocrx_word' id='word_1_231' title='bbox 477 3237 542 3290; x_wconf 84' lang='lat' dir='ltr'>sehr</span> <span class='ocrx_word' id='word_1_232' title='bbox 555 3238 720 3311; x_wconf 72' lang='lat' dir='ltr'>strygebtg</span> <span class='ocrx_word' id='word_1_233' title='bbox 742 3238 821 3304; x_wconf 84' lang='lat' dir='ltr'>sind,</span> <span class='ocrx_word' id='word_1_234' title='bbox 851 3240 919 3292; x_wconf 87' lang='lat' dir='ltr'>aher</span> <span class='ocrx_word' id='word_1_235' title='bbox 934 3240 995 3292; x_wconf 85' lang='lat' dir='ltr'>sich</span> <span class='ocrx_word' id='word_1_236' title='bbox 1013 3255 1062 3290; x_wconf 85' lang='lat' dir='ltr'>nm</span> <span class='ocrx_word' id='word_1_237' title='bbox 1077 3237 1127 3292; x_wconf 85' lang='lat' dir='ltr'>dss</span> <span class='ocrx_word' id='word_1_238' title='bbox 1150 3238 1223 3294; x_wconf 72' lang='lat' dir='ltr'>flat-</span> 
     </span>
     <span class='ocr_line' id='line_1_31' title="bbox 178 3321 1224 3394; baseline 0 -16"><span class='ocrx_word' id='word_1_239' title='bbox 178 3338 227 3379; x_wconf 85' lang='lat' dir='ltr'>ten</span> <span class='ocrx_word' id='word_1_240' title='bbox 247 3325 339 3391; x_wconf 64' lang='lat' dir='ltr'>wenis</span> <span class='ocrx_word' id='word_1_241' title='bbox 356 3321 555 3376; x_wconf 60' lang='lat' dir='ltr'>aerumnam:</span> <span class='ocrx_word' id='word_1_242' title='bbox 574 3323 625 3376; x_wconf 81' lang='lat' dir='ltr'>der</span> <span class='ocrx_word' id='word_1_243' title='bbox 645 3325 803 3393; x_wconf 74' lang='lat' dir='ltr'>Gegentsta</span> <span class='ocrx_word' id='word_1_244' title='bbox 821 3343 855 3377; x_wconf 83' lang='lat' dir='ltr'>su</span> <span class='ocrx_word' id='word_1_245' title='bbox 874 3323 938 3376; x_wconf 87' lang='lat' dir='ltr'>dem</span> <span class='ocrx_word' id='word_1_246' title='bbox 952 3324 1224 3394; x_wconf 66' lang='lat' dir='ltr'>religiorspromtt-</span> 
     </span>
     <span class='ocr_line' id='line_1_32' title="bbox 178 3408 1223 3479; baseline 0.003 -18"><span class='ocrx_word' id='word_1_247' title='bbox 178 3418 242 3462; x_wconf 79' lang='lat' dir='ltr'>tera</span> <span class='ocrx_word' id='word_1_248' title='bbox 260 3408 309 3462; x_wconf 82' lang='lat' dir='ltr'>des</span> <span class='ocrx_word' id='word_1_249' title='bbox 327 3410 449 3462; x_wconf 75' lang='lat' dir='ltr'>Atticus</span> <span class='ocrx_word' id='word_1_250' title='bbox 465 3408 534 3473; x_wconf 80' lang='lat' dir='ltr'>XV,</span> <span class='ocrx_word' id='word_1_251' title='bbox 554 3428 578 3462; x_wconf 90' lang='grc' dir='ltr'>ι.</span> <span class='ocrx_word' id='word_1_252' title='bbox 615 3408 652 3463; x_wconf 86' lang='lat' dir='ltr'>So</span> <span class='ocrx_word' id='word_1_253' title='bbox 669 3423 730 3477; x_wconf 74' lang='lat' dir='ltr'>ssgt</span> <span class='ocrx_word' id='word_1_254' title='bbox 751 3410 823 3463; x_wconf 84' lang='lat' dir='ltr'>sach</span> <span class='ocrx_word' id='word_1_255' title='bbox 842 3410 942 3462; x_wconf 77' lang='lat' dir='ltr'>Cicero</span> <span class='ocrx_word' id='word_1_256' title='bbox 954 3408 995 3460; x_wconf 83' lang='lat' dir='ltr'>ad</span> <span class='ocrx_word' id='word_1_257' title='bbox 1003 3412 1098 3463; x_wconf 83' lang='lat' dir='ltr'>Atrtc.</span> <span class='ocrx_word' id='word_1_258' title='bbox 1115 3410 1158 3476; x_wconf 81' lang='lat' dir='ltr'>V,</span> <span class='ocrx_word' id='word_1_259' title='bbox 1178 3418 1223 3479; x_wconf 65' lang='grc' dir='ltr'>ιδ.</span> 
     </span>
    </p>
   </div>
   <div class='ocr_carea' id='block_1_11' title="bbox 67 3493 1222 3565">
    <p class='ocr_par' dir='ltr' id='par_1_12' title="bbox 67 3493 1222 3565">
     <span class='ocr_line' id='line_1_33' title="bbox 67 3493 1222 3565; baseline 0.003 -17"><span class='ocrx_word' id='word_1_260' title='bbox 67 3510 72 3517; x_wconf 87' lang='grc'><em>·</em></span> <span class='ocrx_word' id='word_1_261' title='bbox 179 3503 251 3549; x_wconf 80' lang='lat' dir='ltr'>aare</span> <span class='ocrx_word' id='word_1_262' title='bbox 268 3494 431 3546; x_wconf 81' lang='lat' dir='ltr'>adventum</span> <span class='ocrx_word' id='word_1_263' title='bbox 449 3510 542 3546; x_wconf 80' lang='lat' dir='ltr'>meam</span> <span class='ocrx_word' id='word_1_264' title='bbox 553 3493 754 3548; x_wconf 69' lang='lat' dir='ltr'>liberatusime</span> <span class='ocrx_word' id='word_1_265' title='bbox 763 3497 914 3565; x_wconf 75' lang='lat' dir='ltr'>pollicitus</span> <span class='ocrx_word' id='word_1_266' title='bbox 928 3502 994 3546; x_wconf 85' lang='lat' dir='ltr'>erat</span> <span class='ocrx_word' id='word_1_267' title='bbox 1005 3499 1065 3546; x_wconf 80' lang='lat' dir='ltr'>tuis</span> <span class='ocrx_word' id='word_1_268' title='bbox 1080 3494 1222 3552; x_wconf 74' lang='lat' dir='ltr'>amathas.</span> 
     </span>
    </p>
   </div>
   <div class='ocr_carea' id='block_1_12' title="bbox 178 3610 1223 3945">
    <p class='ocr_par' dir='ltr' id='par_1_13' title="bbox 178 3610 1223 3945">
     <span class='ocr_line' id='line_1_34' title="bbox 188 3610 1223 3686; baseline 0.009 -23"><span class='ocrx_word' id='word_1_269' title='bbox 188 3676 192 3682; x_wconf 86' lang='lat'><em>.</em></span> <span class='ocrx_word' id='word_1_270' title='bbox 266 3613 371 3665; x_wconf 80' lang='lat' dir='ltr'>libram</span> <span class='ocrx_word' id='word_1_271' title='bbox 396 3610 533 3681; x_wconf 71' lang='lat' dir='ltr'>gravem]</span> <span class='ocrx_word' id='word_1_272' title='bbox 579 3612 651 3667; x_wconf 78' lang='lat' dir='ltr'>Mau</span> <span class='ocrx_word' id='word_1_273' title='bbox 672 3612 747 3667; x_wconf 78' lang='lat' dir='ltr'>mais</span> <span class='ocrx_word' id='word_1_274' title='bbox 772 3612 833 3666; x_wconf 85' lang='lat' dir='ltr'>sich</span> <span class='ocrx_word' id='word_1_275' title='bbox 857 3614 910 3686; x_wconf 79' lang='lat' dir='ltr'>bey</span> <span class='ocrx_word' id='word_1_276' title='bbox 938 3612 1003 3666; x_wconf 80' lang='lat' dir='ltr'>(lem</span> <span class='ocrx_word' id='word_1_277' title='bbox 1025 3616 1223 3673; x_wconf 81' lang='lat' dir='ltr'>Lstsiuiselssss</span> 
     </span>
     <span class='ocr_line' id='line_1_35' title="bbox 178 3698 1220 3764; baseline 0.008 -13"><span class='ocrx_word' id='word_1_278' title='bbox 178 3698 285 3757; x_wconf 86' lang='lat' dir='ltr'>Warte</span> <span class='ocrx_word' id='word_1_279' title='bbox 302 3701 375 3751; x_wconf 81' lang='lat' dir='ltr'>liber</span> <span class='ocrx_word' id='word_1_280' title='bbox 393 3700 472 3751; x_wconf 84' lang='lat' dir='ltr'>nicht</span> <span class='ocrx_word' id='word_1_281' title='bbox 492 3703 593 3750; x_wconf 83' lang='lat' dir='ltr'>immet·</span> <span class='ocrx_word' id='word_1_282' title='bbox 609 3698 660 3752; x_wconf 84' lang='lat' dir='ltr'>das</span> <span class='ocrx_word' id='word_1_283' title='bbox 682 3698 810 3764; x_wconf 75' lang='lat' dir='ltr'>draken,</span> <span class='ocrx_word' id='word_1_284' title='bbox 837 3718 894 3751; x_wconf 80' lang='lat' dir='ltr'>was</span> <span class='ocrx_word' id='word_1_285' title='bbox 918 3717 985 3753; x_wconf 79' lang='lat' dir='ltr'>nasu</span> <span class='ocrx_word' id='word_1_286' title='bbox 1001 3704 1041 3753; x_wconf 86' lang='lat' dir='ltr'>im</span> <span class='ocrx_word' id='word_1_287' title='bbox 1056 3702 1220 3759; x_wconf 78' lang='lat' dir='ltr'>Deutsoheu</span> 
     </span>
     <span class='ocr_line' id='line_1_36' title="bbox 179 3783 1220 3858; baseline 0.003 -21"><span class='ocrx_word' id='word_1_288' title='bbox 179 3789 225 3838; x_wconf 81' lang='lat' dir='ltr'>ela</span> <span class='ocrx_word' id='word_1_289' title='bbox 243 3783 324 3838; x_wconf 78' lang='lat' dir='ltr'>auct</span> <span class='ocrx_word' id='word_1_290' title='bbox 340 3799 439 3838; x_wconf 83' lang='lat' dir='ltr'>assat.</span> <span class='ocrx_word' id='word_1_291' title='bbox 474 3785 561 3838; x_wconf 75' lang='lat' dir='ltr'>Liber</span> <span class='ocrx_word' id='word_1_292' title='bbox 570 3788 607 3837; x_wconf 85' lang='lat' dir='ltr'>ist</span> <span class='ocrx_word' id='word_1_293' title='bbox 617 3784 775 3858; x_wconf 71' lang='lat' dir='ltr'>absrhsapt</span> <span class='ocrx_word' id='word_1_294' title='bbox 789 3784 863 3853; x_wconf 78' lang='lat' dir='ltr'>jede</span> <span class='ocrx_word' id='word_1_295' title='bbox 873 3784 998 3858; x_wconf 80' lang='lat' dir='ltr'>Schrr&#39;ft.</span> <span class='ocrx_word' id='word_1_296' title='bbox 1034 3788 1220 3845; x_wconf 66' lang='lat' dir='ltr'>Melaenis·</span> 
     </span>
     <span class='ocr_line' id='line_1_37' title="bbox 178 3870 1221 3945; baseline 0.01 -22"><span class='ocrx_word' id='word_1_297' title='bbox 178 3870 264 3941; x_wconf 72' lang='lat' dir='ltr'>logan</span> <span class='ocrx_word' id='word_1_298' title='bbox 279 3870 328 3925; x_wconf 84' lang='lat' dir='ltr'>des</span> <span class='ocrx_word' id='word_1_299' title='bbox 350 3870 446 3939; x_wconf 82' lang='lat' dir='ltr'>Plato,</span> <span class='ocrx_word' id='word_1_300' title='bbox 469 3870 515 3925; x_wconf 82' lang='lat' dir='ltr'>tlie</span> <span class='ocrx_word' id='word_1_301' title='bbox 532 3871 620 3923; x_wconf 83' lang='lat' dir='ltr'>lrsutu</span> <span class='ocrx_word' id='word_1_302' title='bbox 635 3872 683 3925; x_wconf 83' lang='lat' dir='ltr'>sla</span> <span class='ocrx_word' id='word_1_303' title='bbox 693 3888 773 3944; x_wconf 65' lang='lat' dir='ltr'>pass</span> <span class='ocrx_word' id='word_1_304' title='bbox 788 3871 885 3936; x_wconf 71' lang='lat' dir='ltr'>Bogen</span> <span class='ocrx_word' id='word_1_305' title='bbox 902 3873 981 3926; x_wconf 79' lang='lat' dir='ltr'>stark</span> <span class='ocrx_word' id='word_1_306' title='bbox 997 3874 1078 3945; x_wconf 85' lang='lat' dir='ltr'>sind,</span> <span class='ocrx_word' id='word_1_307' title='bbox 1105 3873 1221 3933; x_wconf 68' lang='lat' dir='ltr'>assde·</span> 
     </span>
    </p>
   </div>
   <div class='ocr_carea' id='block_1_13' title="bbox 0 0 1366 4838">
    <p class='ocr_par' dir='ltr' id='par_1_14' title="bbox 0 0 1366 4838">
     <span class='ocr_line' id='line_1_38' title="bbox 0 0 1366 4838; baseline 0 1"><span class='ocrx_word' id='word_1_308' title='bbox 0 0 1366 4838; x_wconf 95' lang='lat' dir='ltr'> </span> 
     </span>
    </p>
   </div>
  </div>
 </body>
</html>
