2722 4838
186 347 189 351 ⁴
286 308 344 372 336
440 303 557 369 XXV.
579 303 619 367 Τ.
639 300 834 383 Pomponius
853 299 992 363 Atticus.
1033 299 1110 384 Gap.
1132 296 1189 366 V.

345 476 448 520 nemo
471 457 557 520 serre
581 468 704 537 posset.
733 451 835 534 hujus
861 451 935 514 sine
963 451 1161 515 offensione
1189 453 1237 516 ad
1261 473 1338 517 suro·

346 582 437 624 mam
467 574 673 623 senectutem
704 556 880 620 retinuerit
912 559 1215 621 benevolentiam.
1267 561 1336 648 Quo

275 666 318 738 ἐ.
348 668 433 729 facto
454 666 533 728 tulit
553 663 685 749 pietatis
701 661 861 723 fructum.
904 663 1058 725 Caecilius
1075 664 1179 726 enim
1199 668 1336 729 moriens

347 787 543 838 testamento
575 769 747 852 adoptavit
780 783 879 844 eum,
923 769 1157 850 heredemque
1194 771 1278 834 fecit
1304 793 1334 834 ex

300 949 308 966 ,
346 882 523 944 dodrante:
555 899 598 943 ex
620 900 686 960 qua
706 878 890 940 hereditate
914 876 1038 957 accepit
1060 875 1204 938 circiter
1227 880 1336 942 centies

287 985 318 1051 3.
348 985 547 1048 sestertium.
587 985 666 1046 Erat
684 998 789 1064 nupta
807 1003 897 1044 soror
916 981 1025 1043 Attici
1044 980 1091 1067 Q.
1109 982 1246 1045 Tullio
1265 983 1336 1046 Cice

215 1072 218 1082 ¹
349 1090 445 1152 ronir
478 1110 599 1170 eaeque
627 1089 760 1172 nuptiae
788 1090 840 1151 M.
869 1089 984 1150 Cicero
1016 1087 1248 1164 conciliarat,
1273 1109 1336 1150 curn

291 1240 294 1245 -
349 1216 418 1278 quo
433 1215 452 1256 a
466 1193 738 1275 condiscipulatu
754 1193 890 1255 vivebat
907 1191 1222 1273 conjunctissime,
1245 1195 1338 1255 multo

348 1300 449 1363 etiam
471 1299 690 1374 familiarius,
717 1318 820 1379 quam
845 1318 923 1359 cum
946 1296 1103 1383 Quintor
1141 1313 1186 1360 ut
1207 1297 1339 1380 judicari

347 1406 467 1486 possit,
487 1405 564 1485 plus
579 1404 614 1465 in
627 1404 774 1466 amicitia
787 1403 899 1466 valere
912 1400 1190 1467 similitudinem
1206 1423 1340 1476 morum,

286 1527 318 1589 4.
350 1530 453 1590 quam
468 1508 673 1572 affinitatem.
714 1511 882 1571 Utebatur
902 1521 1013 1568 autem
1035 1505 1173 1569 intime
1199 1509 1249 1597 Q.
1271 1510 1341 1572 Hor·

352 1614 479 1690 tensio,
509 1615 570 1695 qui
591 1615 632 1676 iis
656 1615 862 1697 temporibus
883 1611 1111 1694 principatum
1141 1613 1342 1695 eloquentie

350 1721 502 1781 tenebat:
526 1734 565 1780 ut
588 1718 733 1802 intelligi
756 1739 828 1781 non
848 1731 971 1801 posset,
994 1730 1069 1777 uter
1093 1735 1186 1780 eum
1209 1721 1285 1803 plus
1303 1719 1341 1780 di·

350 1823 485 1907 figeret,
509 1824 624 1886 Cicero
644 1846 690 1887 an
707 1823 929 1887 Hortensius:
950 1835 983 1883 et
1003 1821 1055 1896 id,
1078 1824 1185 1903 quod
1208 1839 1278 1888 erat
1293 1822 1341 1886 dil·

271 1926 278 1937 '
350 1928 562 2005 ficillimum,
593 1928 772 2004 efficiebat,
796 1945 850 2006 ut,
878 1929 964 1990 inter
990 1947 1076 2007 quos
1109 1943 1222 1993 tantae
1247 1932 1341 1994 laudis

351 2050 434 2097 esset
455 2018 643 2109 aemulatio,
669 2037 763 2097 nulla
783 2035 1000 2098 intercederet
1014 2034 1244 2113 obtrectatio,
1264 2051 1339 2100 eeset·

351 2160 419 2222 que
441 2141 561 2203 talium
583 2141 733 2204 virorum
756 2142 887 2226 copula.

294 2327 462 2400 Bedeutung
487 2324 536 2384 lui
560 2348 588 2384 ee
610 2334 697 2384 umen
715 2329 785 2396 XV,
809 2349 834 2386 r.
869 2330 928 2384 Der
948 2327 1085 2385 Gedunle
1107 2333 1145 2386 iet
1172 2333 1291 2389 dieser:
1310 2330 1338 2386 lt

294 2410 373 2468 hatte
392 2432 422 2466 so
442 2416 496 2467 viel
513 2416 643 2485 Achtung
662 2433 750 2486 gcgcn
772 2422 848 2470 scine
866 2418 998 2484 Lauren,
1015 2414 1078 2468 dass
1098 2434 1131 2470 er
1144 2418 1212 2472 sich
1224 2413 1342 2474 dadurdt

295 2501 371 2551 tsine
390 2495 641 2553 immerstiiirrende
656 2502 739 2555 Lielie
757 2498 874 2556 erwarb.

262 2649 265 2656 ›
330 2633 356 2672 η.
383 2613 568 2690 heredemque
585 2617 668 2690 fecit
693 2638 730 2671 ea
753 2619 914 2693 dodrante]
948 2622 1043 2674 Heres
1069 2639 1106 2673 σε
1132 2619 1284 2674 dodrante
1308 2629 1347 2676 iet

293 2695 363 2766 der,
386 2700 508 2756 welcher
533 2702 606 2777 drey
629 2704 788 2763 Viertlreile
814 2725 876 2758 voa
901 2707 953 2760 der
977 2705 1240 2778 Verloeeenscltaft
1267 2708 1345 2763 erbt.

293 2785 435 2842 Dodraae
453 2786 583 2844 bedentet
600 2787 842 2864 uberhauptdrcy
862 2792 1015 2847 Viertheile
1034 2798 1109 2848 einer
1124 2791 1225 2846 Socho.
1262 2792 1347 2849 Wer

294 2873 345 2928 das
364 2892 452 2945 gaure
471 2878 632 2945 Vermiigeu
655 2877 733 2945 erist,
758 2877 844 2932 heiste
863 2878 944 2932 lieres
964 2897 1002 2931 ere
1023 2895 1097 2944 aces,
1121 2875 1173 2928 der
1191 2877 1274 2930 Eric
1297 2881 1346 2933 bie

294 2959 360 3031 ares
376 2960 430 3015 den
448 2962 602 3033 Stkilliag.

326 3104 353 3162 4.
384 3083 530 3151 Utebatur
548 3097 663 3170 autem]
698 3101 806 3153 Autem
825 3104 862 3154 ist
881 3095 943 3154 hier
960 3095 1038 3154 nicht
1056 3098 1211 3170 particula
1231 3096 1343 3154 adver·

293 3178 396 3246 edredi,
422 3183 546 3238 eoadem
570 3184 771 3239 continuandi.
806 3187 942 3252 Feruor:
957 3193 1008 3240 mit
1033 3186 1096 3240 dem
1120 3184 1342 3259 Nebenbegrill'e

200 3300 204 3307 ·
295 3263 346 3319 der
362 3267 540 3340 Steigerung.
575 3271 629 3323 Die
651 3267 804 3323 Gelehrten
829 3271 944 3324 wollten
969 3276 998 3324 in
1017 3272 1151 3325 mchrern
1169 3270 1271 3326 Fillen
1290 3291 1341 3326 voe

291 3350 343 3406 der
359 3355 412 3406 Art
431 3360 501 3406 item
519 3355 587 3408 oder
605 3358 696 3406 etiam
713 3355 800 3408 lesen.
837 3356 931 3409 atleta
949 3356 994 3410 dle
1011 3357 1115 3410 Stellen
1134 3358 1202 3410 clod
1220 3378 1257 3411 zu
1274 3360 1342 3413 hio·

290 3442 345 3516 ῆς,
370 3449 401 3496 in
421 3438 546 3494 welcherr
571 3449 669 3491 autem
690 3427 748 3493 und
772 3456 844 3494 vero
868 3441 944 3494 diere
964 3442 1131 3511 Bedeutung
1159 3445 1277 3510 haben,
1305 3446 1340 3498 tls

292 3529 355 3585 dtis
376 3544 442 3581 man
466 3531 506 3579 eie
528 3525 583 3578 alle
605 3525 711 3578 indere
730 3526 847 3580 lto'oute.
883 3527 947 3595 trgi.
970 3529 1137 3594 Heusinger
1159 3527 1197 3578 de
1217 3530 1296 3604 Off.
1315 3533 1340 3597 l,

291 3624 328 3686 4,
346 3632 373 3668 ι.
410 3609 558 3667 Wirllich
579 3615 617 3663 iet
637 3619 736 3663 eutem
755 3611 1008 3666 nachdrllcklicher
1027 3613 1069 3665 ale
1089 3617 1170 3666 item.

381 3715 429 3775 at,
447 3712 526 3759 inter
544 3721 614 3775 artos
635 3713 728 3759 ioatoe
748 3705 845 3759 locedio
863 3715 938 3758 esset
955 3708 1118 3770 emulatio,
1138 3708 1229 3760 nulla
1252 3716 1341 3764 inter·

292 3793 408 3850 cederet
428 3789 622 3860 obtrectatio]
657 3793 744 3846 Dicte
764 3792 849 3847 Stella
868 3791 947 3846 subet
966 3808 1019 3845 uns
1039 3793 1104 3843 sehr
1122 3792 1282 3851 beetimmt
1300 3792 1343 3850 mi

290 3879 348 3933 deu
370 3875 562 3934 Uacertchied
585 3876 724 3931 ewisoheu
749 3879 899 3931 emulatio
919 3876 978 3931 und
1001 3876 1190 3932 obtrectatio.
1232 3886 1342 3937 Aenu-

292 3963 368 4016 tatio
394 3970 432 4018 let
453 3969 499 4018 eiu
519 3962 596 4017 edler
612 3964 780 4029 Wcttcit'er‚
808 3962 845 4017 de
869 3962 1003 4016 decetne
1028 3960 1083 4015 den
1109 3962 1223 4020 andern
1254 3967 1343 4024 durelt

291 4045 378 4102 mtto
393 4050 522 4121 tereste
542 4067 578 4103 eu
595 4048 768 4107 weruelleu
789 4049 887 4114 sucin
913 4048 1091 4106 obtrectatio
1108 4049 1278 4128 hiugegon,
1289 4070 1343 4121 ‚ao
