2722 4838
147 303 206 368 244
391 278 549 343 XVIII.
570 279 736 339 Eumenes.
778 274 857 354 Cap.
879 272 954 334 IV.

208 436 401 519 ptolemue,
437 431 498 512 qui
527 428 716 490 secundum
745 426 860 486 locum
889 422 1034 525 imperii
1061 428 1211 491 tenebat.

147 562 179 613 α.
208 542 297 604 Cum
311 537 377 600 lroc
391 534 559 599 concurrit
579 533 648 614 ipse
667 530 851 591 Eumenes.
893 529 970 612 Qui
990 550 1095 611 quum
1111 529 1207 593 inter

208 666 244 709 ee
264 641 434 725 complexi
454 640 492 703 in
516 653 633 702 terram
665 657 708 698 ex
730 634 826 715 equis
847 634 1071 711 decidissent,
1095 651 1136 698 ut
1156 637 1205 698 sa-

141 746 146 751 ’
210 751 275 812 cile
294 743 440 828 intelligi
453 759 577 828 poscet,
598 740 736 802 inimica
752 754 865 802 mente
887 741 1109 817 contendite,
1126 743 1198 804 airi-

210 873 337 934 moque
357 850 462 933 magis
492 848 592 910 etiam
621 864 783 928 pugnasse
810 864 914 924 quam
943 865 1097 928 corpore3
1123 867 1196 909 non

210 957 303 1041 prius
320 951 467 1016 distracti
480 968 576 1026 eunt,
598 971 699 1029 quam
721 952 862 1012 alterum
883 950 1003 1012 anima
1022 951 1198 1043 reliquerit.

215 1063 274 1127 Ab
295 1061 359 1121 hoc
382 1058 515 1137 aliquot
533 1055 638 1138 plagis
657 1056 828 1115 Eumenes
843 1054 1128 1126 vulneratueeet,
1148 1077 1201 1117 ne-

216 1187 283 1248 que
307 1185 347 1226 eo
369 1161 474 1243 magis
494 1181 537 1222 ex
557 1160 675 1243 [rroelio
698 1158 851 1232 excessit,
882 1157 939 1220 sed
960 1160 1077 1223 acrius
1100 1160 1208 1223 hostes

152 1273 184 1336 3.
214 1268 347 1334 institit.
396 1265 467 1327 Hic
492 1265 666 1347 equitibus
686 1261 882 1346 profligatis,
915 1262 1097 1329 interfecto
1125 1268 1209 1329 duce

217 1374 369 1443 Cratero,
399 1368 518 1431 multis
542 1382 694 1449 praeterea
715 1380 748 1430 et
767 1369 916 1431 maxime
940 1370 1120 1433 nobilibus
1141 1393 1214 1454 cnp·

218 1476 275 1549 tis,
296 1474 446 1556 pedester
465 1473 647 1548 exercituo,
678 1474 772 1554 quod
791 1473 828 1535 in
851 1495 888 1536 ea
909 1474 978 1535 loca
995 1489 1065 1536 erat
1085 1477 1216 1539 deduc·

218 1595 292 1654 tuo,
311 1592 351 1638 ut
371 1576 482 1639 invito
502 1578 660 1641 Eumene
683 1577 772 1642 elabi
792 1600 865 1640 non
885 1591 1002 1660 poscet,
1024 1598 1142 1658 pacem
1165 1584 1214 1640 ab

218 1703 260 1759 eo
279 1678 387 1764 petiit.
443 1681 556 1768 Quam
584 1704 695 1764 quum
723 1684 940 1768 impetrasset,
971 1680 1008 1743 in
1033 1680 1100 1742 fide
1127 1704 1212 1746 non

219 1786 361 1861 mansit,
382 1802 414 1849 et
434 1807 486 1863 se,
514 1786 619 1850 simul
643 1809 681 1850 ac
702 1790 829 1871 potuit,
859 1792 900 1852 ad
919 1787 1138 1869 Antipatrum
1162 1810 1213 1851 re

162 1912 194 1975 4.
223 1892 320 1976 cepit.
360 1892 534 1956 Eumenes
556 1895 745 1982 Craterum,
768 1916 812 1956 ex
832 1896 901 1959 acie
920 1893 1124 1957 semivivum
1146 1895 1215 1957 ela·

223 2014 313 2075 tum,
346 1986 489 2060 recreate
509 1999 651 2062 studuit.
702 1992 822 2087 Quum
844 2002 878 2062 id
895 2022 970 2083 pon
990 2015 1115 2083 posset,
1153 2022 1214 2082 pro

223 2103 375 2166 hominis
395 2103 575 2186 dignitate,
595 2125 723 2186 proque
734 2105 872 2187 pristina
886 2107 1034 2169 amicitia
1048 2100 1215 2189 (uanique

200 2300 232 2339 2.
260 2286 339 2334 inter
355 2298 385 2332 se
405 2281 564 2351 complexi]
600 2283 665 2353 vgl.
682 2286 762 2338 Dion
780 2286 882 2353 1V,„1.

256 2381 410 2444 animoque
429 2381 524 2443 magis
542 2382 632 2429 etiam
647 2395 795 2447 pugnasse
812 2394 898 2446 quam
918 2376 1056 2447 corpore]
1092 2376 1164 2429 nare
1179 2382 1219 2427 eie

169 2466 222 2514 mit
240 2460 309 2513 eben
321 2476 352 2511 eo
365 2459 419 2511 viel
430 2462 615 2533 Erbitterung
633 2463 674 2518 ele
692 2462 884 2532 kdrperlichee
903 2466 1123 2530 Ansereugung,
1142 2462 1220 2515 noclr

170 2544 251 2598 melre
260 2547 312 2595 ruit
322 2543 435 2596 Grimm
447 2546 489 2598 als
503 2553 553 2600 mit
564 2547 618 2612 den
627 2548 732 2601 Acmen
743 2545 884 2616 gelimpft
897 2546 1004 2600 hittun.
1041 2550 1096 2600 Die
1109 2549 1221 2620 Worte

171 2630 287 2683 lrdnnen
306 2643 357 2680 cur
373 2629 562 2702 Erliiuterung
586 2637 662 2687 einer
678 2630 765 2685 Stelle
787 2632 838 2700 bey
859 2628 985 2681 Ovidius
1005 2631 1124 2695 dienen,
1144 2635 1221 2686 Me-

172 2715 315 2785 tamorplu
336 2714 408 2780 llll,
427 2717 491 2781 glis).
511 2737 553 2770 wo
574 2720 675 2769 mentis
689 2732 798 2787 quoque
817 2714 921 2768 viribus
934 2732 990 2765 ron
1003 2715 1138 2768 Heintiue
1155 2719 1220 2773 und

170 2802 352 2857 Burmannus
371 2805 554 2871 angesoeluen
574 2802 652 2857 itini.

157 2962 160 2967 Ι
262 2897 358 2949 hostes
378 2899 503 2968 institit]
539 2901 610 2952 Vide
628 2898 768 2972 eupeaad
785 2891 1014 2968 Epaminondam
1032 2893 1091 2961 lll,
1112 2910 1136 2949 ι.

218 3045 245 3102 5·
273 3035 346 3105 Hic]
379 3040 473 3093 Etwne
493 3047 586 3111 eigen,
607 3060 637 3094 eo
653 3042 763 3106 wieV,
784 3060 806 3094 r.
822 3036 900 3093 nicht
921 3031 1019 3105 gercde
1042 3049 1107 3083 vom
1125 3034 1220 3097 Orte,

178 3119 302 3174 eundern
320 3123 457 3179 vielnrehr
476 3146 530 3179 von
549 3126 614 3179 dem
632 3128 821 3198 Zeitpunete,
839 3125 893 3179 den
915 3116 1153 3176 Zeitumstrtnden
1172 3117 1222 3172 sur

178 3209 421 3278 tumgebrcucht.
457 3212 529 3279 Xll,
550 3234 574 3266 1.

264 3311 330 3354 erat
353 3300 508 3376 deductus]
546 3309 687 3361 Eumenen
706 3306 807 3362 wusete
828 3304 970 3359 niihmlich
989 3301 1079 3354 durch
1098 3300 1160 3353 List
1180 3299 1228 3353 elie

177 3386 331 3440 ieindliche
352 3393 452 3442 Armee
471 3410 506 3443 on
526 3397 607 3446 einen
622 3394 726 3448 Oeten
739 3395 857 3455 loclren,
875 3407 926 3444 aue
940 3388 1073 3440 welchem
1089 3392 1129 3438 eie
1146 3388 1225 3439 nicht

178 3473 261 3525 mehr
279 3478 428 3524 eutrinnen
450 3477 565 3529 kounte.
601 3478 681 3531 Diest
698 3479 768 3547 liegt
786 3483 826 3529 im
844 3476 937 3528 Verbo
950 3472 1105 3537 deducere,
1124 3471 1225 3524 descen

179 3554 347 3625 Bedeutung
365 3561 410 3610 iclr
428 3559 479 3628 bey
498 3562 668 3615 Alcibiades
684 3566 753 3631 Vll,
772 3572 798 3633 q.
817 3564 924 3616 erklier
941 3560 1021 3613 lrclie.

269 3650 367 3721 etse]
402 3651 441 3705 Et
460 3653 507 3708 sue
523 3656 583 3712 sed.
629 3658 700 3713 Men
722 3657 787 3711 cehe
805 3656 851 3710 die
869 3655 1054 3722 Anmerkung
1071 3668 1107 3703 eu
1126 3648 1227 3703 Data·

184 3754 245 3791 mee
260 3739 317 3803 vt,
336 3747 363 3806 4.

215 3857 243 3914 4.
269 3865 324 3916 pro
350 3847 474 3903 hominis
499 3849 668 3921 dignitate]
714 3850 784 3907 Men
810 3851 876 3905 cehe
900 3868 935 3904 au
959 3850 1106 3903 Datames
1131 3844 1176 3907 X,
1197 3850 1225 3906 5·

183 3930 263 3981 Bben
284 3948 315 3983 to
340 3932 424 3988 hetin
448 3954 477 3990 et
502 3939 574 3991 oben
597 3954 661 4009 cap.
686 3936 730 4004 ll,
748 3955 774 3992 a.
799 3934 877 4008 quod
892 3943 924 3991 in
947 3935 1061 3988 homine
1081 3930 1225 4006 fideneet

179 4009 361 4067 industriam
380 4036 519 4090 magnam
536 4021 669 4076 videbat.
