2722 4838
196 287 202 297 ⁹
281 331 337 389 toa
509 272 591 379 XV,
612 312 856 395 Epaminondas.
897 309 1093 407 Qum

681 468 784 538 Cae.
836 466 916 535 Vll.

275 637 305 682 ι.
335 612 453 678 Fuisse
475 611 672 696 patientem,
703 627 910 687 suorumque
934 605 1073 687 injurias
1094 606 1259 670 ferentem
1285 613 1332 674 ci·

335 719 450 793 vium,
471 718 562 799 quod
582 737 616 777 se
636 715 747 798 pattiae
768 711 862 774 irasci
883 710 977 774 nefas
996 733 1065 774 esse
1081 713 1234 785 duceret,
1257 715 1333 779 haec

334 838 415 885 sunt
430 823 629 885 testimonia.
673 821 793 907 Quum
810 837 889 879 eum
904 832 1037 898 propter
1052 818 1217 880 invidiam
1235 821 1334 905 cives

335 929 497 1012 praeftcere
518 924 680 988 exercitui
697 923 900 996 noluissent,
922 916 1062 1003 duxq'ue
1076 940 1159 985 esset
1174 925 1333 988 delectus

337 1034 420 1094 belli
443 1032 634 1114 imperitus,
656 1029 752 1111 cujus
773 1047 880 1090 errore
895 1041 977 1088 esset
999 1029 1140 1090 deducta
1162 1028 1221 1089 illa
1239 1033 1333 1093 mul·

335 1138 444 1199 titudo
466 1136 632 1209 militum,
654 1148 692 1195 ut
712 1151 828 1195 omnes
848 1133 890 1193 de
914 1134 1021 1194 salute
1043 1135 1329 1214 pertimescerent,

333 1244 427 1324 quod
454 1245 604 1304 locorum
631 1239 791 1321 angustiis
817 1237 923 1298 clausi
949 1241 989 1298 ab
1019 1236 1170 1299 hostibus
1195 1242 1330 1304 obside·

335 1350 472 1409 bantur:
496 1342 672 1406 desiderari
694 1358 798 1424 empta
815 1355 863 1405 est
875 1342 1123 1424 Epaminondae
1137 1344 1330 1427 diligentia.

277 1470 305 1522 2.
337 1467 405 1514 erat
426 1451 516 1512 enim
534 1451 579 1510 ibi
597 1447 744 1528 privatus
759 1468 900 1511 numero
913 1447 1041 1510 militis.
1082 1450 1199 1528 Aquo
1214 1434 1331 1531 quum

336 1571 485 1638 peterent
503 1575 619 1637 opem,
652 1556 784 1616 nullam
808 1553 965 1615 adhibuit
987 1555 1183 1615 memoriam
1206 1576 1331 1620 contu·

336 1663 462 1734 nteliae,
484 1674 517 1725 et
537 1661 739 1730 exercitum,
761 1660 940 1722 obsidione
962 1660 1153 1733 liberatum,
1177 1661 1329 1726 domum

275 1767 306 1830 3.
337 1766 474 1829 reduxit
496 1767 714 1828 incolumem.
766 1754 888 1847 Neque
917 1786 996 1827 vero
1017 1765 1080 1826 hoc
1099 1766 1201 1826 semel
1226 1766 1329 1844 fecit,

337 1874 394 1936 sed
416 1874 545 1956 saepius.
594 1871 747 1936 Maxime
767 1888 879 1935 autem
900 1871 965 1932 fuit
987 1871 1128 1942 illustre,
1155 1891 1262 1950 quum
1288 1873 1331 1934 in

335 1978 613 2069 Peloponnesum
636 1977 822 2041 exercitum
840 1980 990 2041 duxisset
1007 1979 1160 2039 adversus
1175 1978 1328 2038 Lacedae-

336 2085 488 2158 monios,
510 2085 712 2164 haberetque
728 2088 869 2171 collegas
881 2090 982 2160 duos,
1006 2106 1149 2165 quorum
1166 2085 1246 2144 alter
1257 2098 1329 2145 erat

275 2206 307 2266 4.
336 2187 532 2269 Pelopidas,
555 2191 607 2248 vir
628 2189 776 2249 fortisan
795 2208 960 2253 strenuus.
1001 2193 1071 2252 Hic
1089 2212 1196 2272 quum
1218 2187 1330 2250 crimi-

339 2291 439 2351 nibus
461 2291 723 2351 adversat-iorum
748 2313 866 2355 omnes
889 2295 925 2357 in
948 2296 1113 2356 invidiam
1139 2295 1331 2367 venissent,

338 2394 382 2450 ob
403 2410 545 2470 eamque
565 2410 634 2450 rem
659 2392 841 2470 imperium
867 2397 919 2456 his
937 2415 1019 2459 esset
1040 2403 1249 2480 abrogatum,
1281 2416 1329 2460 at·

337 2509 405 2568 que
432 2491 468 2548 in
501 2510 618 2550 eorum
657 2493 770 2553 locum
807 2497 867 2556 alii
897 2515 1048 2576 praetores
1077 2503 1328 2562 successissent:

334 2593 589 2673 Epaminondas
609 2596 811 2674 populiscito
841 2619 912 2658 non
941 2602 1065 2679 paruit,
1102 2602 1260 2677 idemque
1286 2622 1328 2664 ut

334 2698 496 2773 facerent,
516 2697 676 2781 persuasit
696 2702 848 2786 collegis,
877 2718 911 2764 et
931 2705 1076 2776 bellum,
1105 2705 1194 2782 quod
1216 2723 1327 2768 susce·

334 2819 442 2890 perat,
462 2804 571 2888 gessit.
618 2801 780 2886 Namque
802 2807 1103 2884 animadvertebat,
1131 2809 1197 2870 nisi
1221 2811 1256 2871 id
1276 2811 1324 2874 fe·

335 2911 449 2987 sisset,
471 2925 579 2975 totum
594 2910 779 2974 exercitum
794 2926 925 2995 propter
938 2930 1112 2996 praetorum
1129 2914 1325 2994 impruden-

179 3010 182 3014 *
276 3024 305 3086 5.
336 3020 416 3082 tiam
432 3016 712 3097 inscientiamque
732 3019 815 3082 belli
829 3020 1026 3101 petiturum.
1067 3020 1139 3082 Lex
1153 3034 1220 3081 erat
1233 3022 1325 3084 The·

336 3128 405 3202 bis,
428 3145 502 3206 quae
525 3139 632 3186 morte
654 3126 833 3201 multabat,
853 3125 881 3186 si
902 3127 979 3207 quis
999 3126 1179 3208 imperium
1194 3124 1326 3188 diutius

251 3354 255 3363 ,
310 3308 376 3360 vll.
414 3324 439 3358 i.
458 3303 545 3371 cujus
563 3301 676 3372 errore]
711 3303 803 3356 Error
820 3309 858 3360 itt
876 3305 937 3358 hier
955 3304 1093 3374 ungessihr
1107 3320 1164 3356 was
1178 3303 1322 3369 stultitia,

190 3436 193 3441 .
275 3391 344 3449 oder
362 3396 520 3461 imperitia.
816 3400 820 3407 ’

365 3504 483 3538 numero
509 3483 627 3554 militis]
672 3486 726 3537 Ab
743 3485 863 3551 Soldttl,
882 3492 935 3538 mit
953 3484 1017 3537 dem
1038 3487 1140 3552 Range
1159 3491 1236 3535 eines
1253 3485 1321 3543 sol,-

276 3568 376 3626 daten.
413 3571 526 3626 Oestm
544 3574 580 3622 ist
599 3589 733 3622 ntamerus
749 3591 779 3625 to
792 3573 847 3626 vicl
862 3574 902 3625 tlt
917 3571 1060 3636 conditio,
1081 3573 1169 3624 luctas.
1205 3571 1241 3623 So
1256 3584 1319 3637 σιμ

276 3659 377 3712 cicero
395 3658 535 3710 Divinat.
554 3662 583 3707 in
603 3657 749 3708 Caecilt'um
769 3676 793 3712 c.
815 3670 856 3724 ¹9·
906 3660 1042 3712 Parentt's
1066 3675 1184 3709 numero
1207 3663 1321 3724 proetor

277 3762 336 3796 esse
360 3748 498 3810 qteoestort'
523 3741 615 3794 debet.
662 3742 754 3796 Uebec
776 3749 916 3813 privatus
942 3744 1097 3813 vergleichc
1123 3762 1157 3793 zu
1176 3740 1320 3794 Chabrias

275 3830 329 3896 IV,
350 3850 374 3882 ι.
410 3830 522 3898 Agesil.
541 3829 594 3893 w,
613 3835 639 3884 8.

309 3976 336 4032 4.
361 3966 552 4036 populiscitu]
587 3968 657 4022 Man
677 3967 741 4021 seht
759 3986 793 4020 zu
811 3967 958 4021 Aristides
976 3970 1004 4037 l,
1023 3979 1051 4038 4¹

309 4071 336 4125 5.
363 4060 484 4130 siquis]
519 4062 631 4132 vgl.1,
649 4071 675 4129 4.
