<?xml version="1.0" encoding="UTF-8"?>
<!DOCTYPE html PUBLIC "-//W3C//DTD XHTML 1.0 Transitional//EN"
    "http://www.w3.org/TR/xhtml1/DTD/xhtml1-transitional.dtd">
<html xmlns="http://www.w3.org/1999/xhtml" xml:lang="en" lang="en">
 <head>
  <title>
</title>
<meta http-equiv="Content-Type" content="text/html;charset=utf-8" />
  <meta name='ocr-system' content='tesseract 3.04.00' />
  <meta name='ocr-capabilities' content='ocr_page ocr_carea ocr_par ocr_line ocrx_word'/>
</head>
<body>
  <div class='ocr_page' id='page_1' title='image "./devitaexcellent00bremgoog/devitaexcellent00bremgoog_0238.png"; bbox 0 0 2722 4838; ppageno 0'>
   <div class='ocr_carea' id='block_1_1' title="bbox 414 267 1212 403">
    <p class='ocr_par' dir='ltr' id='par_1_1' title="bbox 414 267 1212 403">
     <span class='ocr_line' id='line_1_1' title="bbox 414 267 1212 403; baseline 0.005 -25"><span class='ocrx_word' id='word_1_1' title='bbox 414 311 573 378; x_wconf 83' lang='lat' dir='ltr'><strong>XVIII.</strong></span> <span class='ocrx_word' id='word_1_2' title='bbox 593 267 761 377; x_wconf 67' lang='lat' dir='ltr'><strong>Eumenes.</strong></span> <span class='ocrx_word' id='word_1_3' title='bbox 799 315 876 402; x_wconf 80' lang='lat' dir='ltr'><strong>Cap.</strong></span> <span class='ocrx_word' id='word_1_4' title='bbox 895 316 958 380; x_wconf 83' lang='grc' dir='ltr'><strong>ΙΙ.</strong></span> <span class='ocrx_word' id='word_1_5' title='bbox 982 392 989 403; x_wconf 77' lang='lat'><strong>.</strong></span> <span class='ocrx_word' id='word_1_6' title='bbox 1149 336 1212 402; x_wconf 67' lang='lat'><strong>241</strong></span> 
     </span>
    </p>
   </div>
   <div class='ocr_carea' id='block_1_2' title="bbox 166 462 1210 969">
    <p class='ocr_par' dir='ltr' id='par_1_2' title="bbox 166 462 1210 969">
     <span class='ocr_line' id='line_1_2' title="bbox 226 462 1210 549; baseline 0.006 -23"><span class='ocrx_word' id='word_1_7' title='bbox 226 462 369 540; x_wconf 86' lang='lat' dir='ltr'><strong>xander,</strong></span> <span class='ocrx_word' id='word_1_8' title='bbox 391 467 483 546; x_wconf 93' lang='lat' dir='ltr'><strong>quod</strong></span> <span class='ocrx_word' id='word_1_9' title='bbox 495 465 591 527; x_wconf 79' lang='lat' dir='ltr'><strong>facile</strong></span> <span class='ocrx_word' id='word_1_10' title='bbox 606 464 752 547; x_wconf 83' lang='lat' dir='ltr'><strong>intelligi</strong></span> <span class='ocrx_word' id='word_1_11' title='bbox 763 479 886 547; x_wconf 88' lang='lat' dir='ltr'><strong>posset,</strong></span> <span class='ocrx_word' id='word_1_12' title='bbox 905 464 1045 549; x_wconf 83' lang='lat' dir='ltr'><strong>plurimi</strong></span> <span class='ocrx_word' id='word_1_13' title='bbox 1058 465 1210 549; x_wconf 63' lang='lat' dir='ltr'><strong>feceram)</strong></span> 
     </span>
     <span class='ocr_line' id='line_1_3' title="bbox 225 566 1210 658; baseline 0.011 -30"><span class='ocrx_word' id='word_1_14' title='bbox 225 566 290 630; x_wconf 90' lang='lat' dir='ltr'><strong>hoc</strong></span> <span class='ocrx_word' id='word_1_15' title='bbox 312 581 459 650; x_wconf 88' lang='lat' dir='ltr'><strong>ternpore</strong></span> <span class='ocrx_word' id='word_1_16' title='bbox 481 570 556 630; x_wconf 84' lang='lat' dir='ltr'><strong>data</strong></span> <span class='ocrx_word' id='word_1_17' title='bbox 576 585 625 630; x_wconf 81' lang='lat' dir='ltr'><strong>est</strong></span> <span class='ocrx_word' id='word_1_18' title='bbox 644 568 796 632; x_wconf 90' lang='lat' dir='ltr'><strong>Eumeni</strong></span> <span class='ocrx_word' id='word_1_19' title='bbox 818 570 1040 653; x_wconf 80' lang='lat' dir='ltr'><strong>Cappadocia,</strong></span> <span class='ocrx_word' id='word_1_20' title='bbox 1060 575 1133 638; x_wconf 81' lang='lat' dir='ltr'><strong>sive</strong></span> <span class='ocrx_word' id='word_1_21' title='bbox 1153 597 1210 658; x_wconf 91' lang='lat' dir='ltr'><strong>po·</strong></span> 
     </span>
     <span class='ocr_line' id='line_1_4' title="bbox 166 671 1209 762; baseline 0.012 -29"><span class='ocrx_word' id='word_1_22' title='bbox 166 691 195 740; x_wconf 78' lang='lat' dir='ltr'><strong>c.</strong></span> <span class='ocrx_word' id='word_1_23' title='bbox 226 673 292 734; x_wconf 84' lang='lat' dir='ltr'><strong>tius</strong></span> <span class='ocrx_word' id='word_1_24' title='bbox 326 671 423 735; x_wconf 91' lang='lat' dir='ltr'><strong>dicta.</strong></span> <span class='ocrx_word' id='word_1_25' title='bbox 475 671 564 735; x_wconf 88' lang='lat' dir='ltr'><strong>Narn</strong></span> <span class='ocrx_word' id='word_1_26' title='bbox 594 688 666 735; x_wconf 85' lang='lat' dir='ltr'><strong>turn</strong></span> <span class='ocrx_word' id='word_1_27' title='bbox 696 675 733 736; x_wconf 92' lang='lat' dir='ltr'><strong>in</strong></span> <span class='ocrx_word' id='word_1_28' title='bbox 767 675 916 737; x_wconf 89' lang='lat' dir='ltr'><strong>hostium</strong></span> <span class='ocrx_word' id='word_1_29' title='bbox 943 693 1011 740; x_wconf 87' lang='lat' dir='ltr'><strong>erar</strong></span> <span class='ocrx_word' id='word_1_30' title='bbox 1038 694 1209 762; x_wconf 79' lang='lat' dir='ltr'><strong>potestate.</strong></span> 
     </span>
     <span class='ocr_line' id='line_1_5' title="bbox 224 774 1210 868; baseline 0.01 -28"><span class='ocrx_word' id='word_1_31' title='bbox 224 776 332 840; x_wconf 89' lang='lat' dir='ltr'><strong>Hunc</strong></span> <span class='ocrx_word' id='word_1_32' title='bbox 351 777 414 839; x_wconf 87' lang='lat' dir='ltr'><strong>cibi</strong></span> <span class='ocrx_word' id='word_1_33' title='bbox 435 776 607 839; x_wconf 85' lang='lat' dir='ltr'><strong>Perdiccas</strong></span> <span class='ocrx_word' id='word_1_34' title='bbox 620 774 818 858; x_wconf 84' lang='lat' dir='ltr'><strong>adjunxerat</strong></span> <span class='ocrx_word' id='word_1_35' title='bbox 830 800 954 863; x_wconf 86' lang='lat' dir='ltr'><strong>magno</strong></span> <span class='ocrx_word' id='word_1_36' title='bbox 967 783 1094 856; x_wconf 82' lang='lat' dir='ltr'><strong>studio,</strong></span> <span class='ocrx_word' id='word_1_37' title='bbox 1115 789 1210 868; x_wconf 93' lang='lat' dir='ltr'><strong>quod</strong></span> 
     </span>
     <span class='ocr_line' id='line_1_6' title="bbox 224 882 1206 969; baseline 0.007 -24"><span class='ocrx_word' id='word_1_38' title='bbox 224 883 262 945; x_wconf 92' lang='lat' dir='ltr'><strong>in</strong></span> <span class='ocrx_word' id='word_1_39' title='bbox 291 882 432 944; x_wconf 88' lang='lat' dir='ltr'><strong>homine</strong></span> <span class='ocrx_word' id='word_1_40' title='bbox 461 883 563 944; x_wconf 88' lang='lat' dir='ltr'><strong>fidem</strong></span> <span class='ocrx_word' id='word_1_41' title='bbox 592 899 625 944; x_wconf 89' lang='lat' dir='ltr'><strong>et</strong></span> <span class='ocrx_word' id='word_1_42' title='bbox 652 883 849 946; x_wconf 85' lang='lat' dir='ltr'><strong>iudustriam</strong></span> <span class='ocrx_word' id='word_1_43' title='bbox 877 906 1032 969; x_wconf 84' lang='lat' dir='ltr'><strong>magnam</strong></span> <span class='ocrx_word' id='word_1_44' title='bbox 1057 888 1206 954; x_wconf 87' lang='lat' dir='ltr'><strong>videbatr</strong></span> 
     </span>
    </p>
   </div>
   <div class='ocr_carea' id='block_1_3' title="bbox 224 987 1313 1074">
    <p class='ocr_par' dir='ltr' id='par_1_3' title="bbox 224 987 1313 1074">
     <span class='ocr_line' id='line_1_7' title="bbox 224 987 1313 1074; baseline 0.008 -24"><span class='ocrx_word' id='word_1_45' title='bbox 224 1010 297 1050; x_wconf 91' lang='lat' dir='ltr'><strong>non</strong></span> <span class='ocrx_word' id='word_1_46' title='bbox 319 988 493 1062; x_wconf 85' lang='lat' dir='ltr'><strong>dubitans,</strong></span> <span class='ocrx_word' id='word_1_47' title='bbox 513 987 542 1048; x_wconf 90' lang='lat' dir='ltr'><strong>si</strong></span> <span class='ocrx_word' id='word_1_48' title='bbox 562 1007 641 1048; x_wconf 90' lang='lat' dir='ltr'><strong>eum</strong></span> <span class='ocrx_word' id='word_1_49' title='bbox 664 989 869 1074; x_wconf 71' lang='lat' dir='ltr'><strong>pellexisset,</strong></span> <span class='ocrx_word' id='word_1_50' title='bbox 898 1011 1022 1074; x_wconf 82' lang='lat' dir='ltr'><strong>magno</strong></span> <span class='ocrx_word' id='word_1_51' title='bbox 1040 994 1119 1055; x_wconf 81' lang='lat' dir='ltr'><strong>usui</strong></span> <span class='ocrx_word' id='word_1_52' title='bbox 1138 993 1208 1058; x_wconf 87' lang='lat' dir='ltr'><strong>sore</strong></span> <span class='ocrx_word' id='word_1_53' title='bbox 1305 1004 1313 1026; x_wconf 85' lang='lat'><em>&#39;</em></span> 
     </span>
    </p>
   </div>
   <div class='ocr_carea' id='block_1_4' title="bbox 162 1093 1210 1509">
    <p class='ocr_par' dir='ltr' id='par_1_4' title="bbox 162 1093 1210 1509">
     <span class='ocr_line' id='line_1_8' title="bbox 225 1093 1209 1177; baseline 0.007 -23"><span class='ocrx_word' id='word_1_54' title='bbox 225 1093 290 1155; x_wconf 90' lang='lat' dir='ltr'><strong>sibi</strong></span> <span class='ocrx_word' id='word_1_55' title='bbox 310 1093 349 1155; x_wconf 93' lang='lat' dir='ltr'><strong>in</strong></span> <span class='ocrx_word' id='word_1_56' title='bbox 369 1093 422 1154; x_wconf 91' lang='lat' dir='ltr'><strong>his</strong></span> <span class='ocrx_word' id='word_1_57' title='bbox 441 1095 556 1167; x_wconf 84' lang='lat' dir='ltr'><strong>rebus,</strong></span> <span class='ocrx_word' id='word_1_58' title='bbox 577 1112 659 1172; x_wconf 88' lang='lat' dir='ltr'><strong>quas</strong></span> <span class='ocrx_word' id='word_1_59' title='bbox 680 1096 866 1174; x_wconf 83' lang='lat' dir='ltr'><strong>apparabat.</strong></span> <span class='ocrx_word' id='word_1_60' title='bbox 898 1094 1077 1177; x_wconf 74' lang='lat' dir='ltr'><strong>&#39;Cogitabst</strong></span> <span class='ocrx_word' id='word_1_61' title='bbox 1097 1099 1209 1176; x_wconf 84' lang='lat' dir='ltr'><strong>enirn,</strong></span> 
     </span>
     <span class='ocr_line' id='line_1_9' title="bbox 226 1195 1207 1282; baseline 0.007 -25"><span class='ocrx_word' id='word_1_62' title='bbox 226 1198 318 1277; x_wconf 88' lang='lat' dir='ltr'><strong>quod</strong></span> <span class='ocrx_word' id='word_1_63' title='bbox 338 1197 406 1260; x_wconf 85' lang='lat' dir='ltr'><strong>fere</strong></span> <span class='ocrx_word' id='word_1_64' title='bbox 428 1217 546 1260; x_wconf 76' lang='lat' dir='ltr'><strong>ornnes</strong></span> <span class='ocrx_word' id='word_1_65' title='bbox 566 1195 603 1259; x_wconf 92' lang='lat' dir='ltr'><strong>in</strong></span> <span class='ocrx_word' id='word_1_66' title='bbox 627 1196 757 1280; x_wconf 83' lang='lat' dir='ltr'><strong>maguis</strong></span> <span class='ocrx_word' id='word_1_67' title='bbox 779 1197 927 1279; x_wconf 86' lang='lat' dir='ltr'><strong>imperiis</strong></span> <span class='ocrx_word' id='word_1_68' title='bbox 948 1199 1207 1282; x_wconf 82' lang='lat' dir='ltr'><strong>concupiscunt,</strong></span> 
     </span>
     <span class='ocr_line' id='line_1_10' title="bbox 162 1301 1208 1389; baseline 0.003 -22"><span class='ocrx_word' id='word_1_69' title='bbox 162 1303 193 1367; x_wconf 80' lang='lat'><strong>3.</strong></span> <span class='ocrx_word' id='word_1_70' title='bbox 224 1302 380 1363; x_wconf 91' lang='lat' dir='ltr'><strong>omnium</strong></span> <span class='ocrx_word' id='word_1_71' title='bbox 407 1317 512 1385; x_wconf 81' lang='lat' dir='ltr'><strong>partes</strong></span> <span class='ocrx_word' id='word_1_72' title='bbox 537 1301 698 1385; x_wconf 86' lang='lat' dir='ltr'><strong>corripere</strong></span> <span class='ocrx_word' id='word_1_73' title='bbox 718 1317 818 1384; x_wconf 88' lang='lat' dir='ltr'><strong>atque</strong></span> <span class='ocrx_word' id='word_1_74' title='bbox 844 1302 1032 1385; x_wconf 85' lang='lat' dir='ltr'><strong>complecti.</strong></span> <span class='ocrx_word' id='word_1_75' title='bbox 1084 1306 1208 1389; x_wconf 81' lang='lat' dir='ltr'><strong>Neque</strong></span> 
     </span>
     <span class='ocr_line' id='line_1_11' title="bbox 226 1405 1210 1509; baseline 0.008 -43"><span class='ocrx_word' id='word_1_76' title='bbox 226 1426 306 1467; x_wconf 89' lang='lat' dir='ltr'><strong>vero</strong></span> <span class='ocrx_word' id='word_1_77' title='bbox 327 1405 391 1479; x_wconf 84' lang='lat' dir='ltr'><strong>hoc</strong></span> <span class='ocrx_word' id='word_1_78' title='bbox 411 1407 470 1469; x_wconf 84' lang='lat' dir='ltr'><strong>illc</strong></span> <span class='ocrx_word' id='word_1_79' title='bbox 490 1406 581 1468; x_wconf 87' lang='lat' dir='ltr'><strong>solus</strong></span> <span class='ocrx_word' id='word_1_80' title='bbox 601 1406 695 1481; x_wconf 60' lang='lat' dir='ltr'><strong>fecie</strong></span> <span class='ocrx_word' id='word_1_81' title='bbox 715 1410 773 1469; x_wconf 83' lang='lat' dir='ltr'><strong>sed</strong></span> <span class='ocrx_word' id='word_1_82' title='bbox 792 1409 893 1471; x_wconf 87' lang='lat' dir='ltr'><strong>ceteri</strong></span> <span class='ocrx_word' id='word_1_83' title='bbox 906 1430 1048 1509; x_wconf 67' lang='lat' dir='ltr'><strong>puoque</strong></span> <span class='ocrx_word' id='word_1_84' title='bbox 1071 1432 1210 1497; x_wconf 84' lang='lat' dir='ltr'><strong>ornnes,</strong></span> 
     </span>
    </p>
   </div>
   <div class='ocr_carea' id='block_1_5' title="bbox 224 1505 1302 1590">
    <p class='ocr_par' dir='ltr' id='par_1_5' title="bbox 224 1505 1302 1590">
     <span class='ocr_line' id='line_1_12' title="bbox 224 1505 1302 1590; baseline 0.007 -19"><span class='ocrx_word' id='word_1_85' title='bbox 224 1510 284 1590; x_wconf 91' lang='lat' dir='ltr'><strong>qui</strong></span> <span class='ocrx_word' id='word_1_86' title='bbox 310 1506 502 1573; x_wconf 86' lang='lat' dir='ltr'><strong>Alexandri</strong></span> <span class='ocrx_word' id='word_1_87' title='bbox 529 1512 661 1574; x_wconf 87' lang='lat' dir='ltr'><strong>fuerant</strong></span> <span class='ocrx_word' id='word_1_88' title='bbox 687 1509 796 1572; x_wconf 88' lang='lat' dir='ltr'><strong>amici.</strong></span> <span class='ocrx_word' id='word_1_89' title='bbox 850 1512 986 1574; x_wconf 87' lang='lat' dir='ltr'><strong>Primus</strong></span> <span class='ocrx_word' id='word_1_90' title='bbox 1008 1505 1229 1578; x_wconf 80' lang='lat' dir='ltr'><strong>Leonnatus¹</strong></span> <span class='ocrx_word' id='word_1_91' title='bbox 1299 1542 1302 1549; x_wconf 93' lang='lat'><strong>·</strong></span> 
     </span>
    </p>
   </div>
   <div class='ocr_carea' id='block_1_6' title="bbox 220 1613 1207 2223">
    <p class='ocr_par' dir='ltr' id='par_1_6' title="bbox 220 1613 1207 2223">
     <span class='ocr_line' id='line_1_13' title="bbox 220 1613 1207 1699; baseline 0.005 -22"><span class='ocrx_word' id='word_1_92' title='bbox 220 1613 456 1678; x_wconf 83' lang='lat' dir='ltr'><strong>Macedoniam</strong></span> <span class='ocrx_word' id='word_1_93' title='bbox 488 1634 713 1699; x_wconf 69' lang='lat' dir='ltr'><strong>preoccupare</strong></span> <span class='ocrx_word' id='word_1_94' title='bbox 744 1616 973 1681; x_wconf 86' lang='lat' dir='ltr'><strong>destinaverat.</strong></span> <span class='ocrx_word' id='word_1_95' title='bbox 1026 1618 1062 1681; x_wconf 82' lang='lat' dir='ltr'><strong>lc</strong></span> <span class='ocrx_word' id='word_1_96' title='bbox 1088 1621 1207 1683; x_wconf 79' lang='lat' dir='ltr'><strong>multis</strong></span> 
     </span>
     <span class='ocr_line' id='line_1_14' title="bbox 221 1703 1204 1804; baseline 0.006 -24"><span class='ocrx_word' id='word_1_97' title='bbox 221 1719 352 1800; x_wconf 84' lang='lat' dir='ltr'><strong>magnis</strong></span> <span class='ocrx_word' id='word_1_98' title='bbox 367 1719 667 1802; x_wconf 80' lang='lat' dir='ltr'><strong>pollicitationibus</strong></span> <span class='ocrx_word' id='word_1_99' title='bbox 688 1703 881 1804; x_wconf 78' lang='lat' dir='ltr'><strong>persuadete</strong></span> <span class='ocrx_word' id='word_1_100' title='bbox 899 1721 1049 1785; x_wconf 90' lang='lat' dir='ltr'><strong>Eumeni</strong></span> <span class='ocrx_word' id='word_1_101' title='bbox 1062 1724 1204 1799; x_wconf 88' lang='lat' dir='ltr'><strong>studuit,</strong></span> 
     </span>
     <span class='ocr_line' id='line_1_15' title="bbox 222 1824 1205 1899; baseline 0.005 -14"><span class='ocrx_word' id='word_1_102' title='bbox 222 1839 261 1885; x_wconf 91' lang='lat' dir='ltr'><strong>ut</strong></span> <span class='ocrx_word' id='word_1_103' title='bbox 273 1824 467 1885; x_wconf 82' lang='lat' dir='ltr'><strong>Perdiccam</strong></span> <span class='ocrx_word' id='word_1_104' title='bbox 487 1826 664 1899; x_wconf 86' lang='lat' dir='ltr'><strong>desereret,</strong></span> <span class='ocrx_word' id='word_1_105' title='bbox 683 1846 719 1887; x_wconf 84' lang='lat' dir='ltr'><strong>ac</strong></span> <span class='ocrx_word' id='word_1_106' title='bbox 738 1846 849 1887; x_wconf 89' lang='lat' dir='ltr'><strong>secum</strong></span> <span class='ocrx_word' id='word_1_107' title='bbox 867 1826 985 1889; x_wconf 86' lang='lat' dir='ltr'><strong>faceret</strong></span> <span class='ocrx_word' id='word_1_108' title='bbox 1002 1824 1205 1891; x_wconf 86' lang='lat' dir='ltr'><strong>societatem.</strong></span> 
     </span>
     <span class='ocr_line' id='line_1_16' title="bbox 223 1929 1204 2015; baseline 0.003 -25"><span class='ocrx_word' id='word_1_109' title='bbox 223 1930 345 2015; x_wconf 78' lang='lat' dir='ltr'><strong>Quum</strong></span> <span class='ocrx_word' id='word_1_110' title='bbox 363 1929 542 2011; x_wconf 82' lang='lat' dir='ltr'><strong>perducere</strong></span> <span class='ocrx_word' id='word_1_111' title='bbox 563 1950 642 1992; x_wconf 88' lang='lat' dir='ltr'><strong>eurn</strong></span> <span class='ocrx_word' id='word_1_112' title='bbox 664 1950 734 1990; x_wconf 89' lang='lat' dir='ltr'><strong>non</strong></span> <span class='ocrx_word' id='word_1_113' title='bbox 758 1929 933 2010; x_wconf 88' lang='lat' dir='ltr'><strong>potuisset,</strong></span> <span class='ocrx_word' id='word_1_114' title='bbox 955 1931 1137 1995; x_wconf 85' lang='lat' dir='ltr'><strong>interficere</strong></span> <span class='ocrx_word' id='word_1_115' title='bbox 1152 1952 1204 1993; x_wconf 88' lang='lat' dir='ltr'><strong>co·</strong></span> 
     </span>
     <span class='ocr_line' id='line_1_17' title="bbox 221 2032 1203 2119; baseline 0.007 -26"><span class='ocrx_word' id='word_1_116' title='bbox 221 2048 320 2095; x_wconf 89' lang='lat' dir='ltr'><strong>natus</strong></span> <span class='ocrx_word' id='word_1_117' title='bbox 340 2049 402 2106; x_wconf 71' lang='lat' dir='ltr'><strong>eet,</strong></span> <span class='ocrx_word' id='word_1_118' title='bbox 423 2049 456 2096; x_wconf 86' lang='lat' dir='ltr'><strong>et</strong></span> <span class='ocrx_word' id='word_1_119' title='bbox 476 2033 620 2112; x_wconf 85' lang='lat' dir='ltr'><strong>fecisset,</strong></span> <span class='ocrx_word' id='word_1_120' title='bbox 641 2032 708 2098; x_wconf 79' lang='lat' dir='ltr'><strong>nisi</strong></span> <span class='ocrx_word' id='word_1_121' title='bbox 727 2034 787 2096; x_wconf 90' lang='lat' dir='ltr'><strong>ille</strong></span> <span class='ocrx_word' id='word_1_122' title='bbox 808 2035 894 2097; x_wconf 89' lang='lat' dir='ltr'><strong>clam</strong></span> <span class='ocrx_word' id='word_1_123' title='bbox 914 2050 1017 2098; x_wconf 90' lang='lat' dir='ltr'><strong>noctu</strong></span> <span class='ocrx_word' id='word_1_124' title='bbox 1037 2055 1081 2098; x_wconf 84' lang='lat' dir='ltr'><strong>ex</strong></span> <span class='ocrx_word' id='word_1_125' title='bbox 1100 2037 1203 2119; x_wconf 81' lang='lat' dir='ltr'><strong>praesi·</strong></span> 
     </span>
     <span class='ocr_line' id='line_1_18' title="bbox 222 2138 578 2223; baseline 0.011 -24"><span class='ocrx_word' id='word_1_126' title='bbox 222 2139 288 2200; x_wconf 89' lang='lat' dir='ltr'><strong>diis</strong></span> <span class='ocrx_word' id='word_1_127' title='bbox 308 2138 379 2222; x_wconf 88' lang='lat' dir='ltr'><strong>ejus</strong></span> <span class='ocrx_word' id='word_1_128' title='bbox 399 2138 578 2223; x_wconf 85' lang='lat' dir='ltr'><strong>effugisset.</strong></span> 
     </span>
    </p>
   </div>
   <div class='ocr_carea' id='block_1_7' title="bbox 125 2362 1269 3282">
    <p class='ocr_par' dir='ltr' id='par_1_7' title="bbox 125 2362 1269 3282">
     <span class='ocr_line' id='line_1_19' title="bbox 248 2362 1203 2441; baseline 0.006 -24"><span class='ocrx_word' id='word_1_129' title='bbox 248 2365 325 2435; x_wconf 82' lang='lat' dir='ltr'><strong>quod</strong></span> <span class='ocrx_word' id='word_1_130' title='bbox 346 2365 448 2439; x_wconf 84' lang='lat' dir='ltr'><strong>facile</strong></span> <span class='ocrx_word' id='word_1_131' title='bbox 472 2368 601 2436; x_wconf 78' lang='lat' dir='ltr'><strong>intelligi</strong></span> <span class='ocrx_word' id='word_1_132' title='bbox 624 2373 739 2438; x_wconf 78' lang='lat' dir='ltr'><strong>posset,</strong></span> <span class='ocrx_word' id='word_1_133' title='bbox 769 2366 890 2439; x_wconf 81' lang='lat' dir='ltr'><strong>plurimi</strong></span> <span class='ocrx_word' id='word_1_134' title='bbox 908 2362 1049 2441; x_wconf 84' lang='lat' dir='ltr'><strong>fecerat]</strong></span> <span class='ocrx_word' id='word_1_135' title='bbox 1100 2364 1203 2423; x_wconf 75' lang='lat' dir='ltr'><strong>Botiue</strong></span> 
     </span>
     <span class='ocr_line' id='line_1_20' title="bbox 158 2437 1269 2526; baseline 0.004 -24"><span class='ocrx_word' id='word_1_136' title='bbox 158 2448 266 2504; x_wconf 80' lang='lat' dir='ltr'><strong>konnte</strong></span> <span class='ocrx_word' id='word_1_137' title='bbox 284 2451 344 2505; x_wconf 83' lang='lat' dir='ltr'><strong>eloh</strong></span> <span class='ocrx_word' id='word_1_138' title='bbox 369 2458 398 2505; x_wconf 88' lang='lat' dir='ltr'><strong>in</strong></span> <span class='ocrx_word' id='word_1_139' title='bbox 424 2452 473 2505; x_wconf 82' lang='lat' dir='ltr'><strong>det</strong></span> <span class='ocrx_word' id='word_1_140' title='bbox 497 2437 695 2526; x_wconf 77' lang='lat' dir='ltr'><strong>Imperfectum</strong></span> <span class='ocrx_word' id='word_1_141' title='bbox 711 2462 809 2519; x_wconf 81' lang='lat' dir='ltr'><strong>posset</strong></span> <span class='ocrx_word' id='word_1_142' title='bbox 833 2455 912 2507; x_wconf 84' lang='lat' dir='ltr'><strong>nicht</strong></span> <span class='ocrx_word' id='word_1_143' title='bbox 935 2452 1037 2507; x_wconf 85' lang='lat' dir='ltr'><strong>finden.</strong></span> <span class='ocrx_word' id='word_1_144' title='bbox 1074 2447 1114 2507; x_wconf 73' lang='lat' dir='ltr'><strong>Ei</strong></span> <span class='ocrx_word' id='word_1_145' title='bbox 1135 2471 1202 2506; x_wconf 83' lang='lat' dir='ltr'><strong>ver·</strong></span> <span class='ocrx_word' id='word_1_146' title='bbox 1264 2467 1269 2475; x_wconf 89' lang='lat'><em>&#39;</em></span> 
     </span>
     <span class='ocr_line' id='line_1_21' title="bbox 158 2533 1201 2611; baseline 0.002 -23"><span class='ocrx_word' id='word_1_147' title='bbox 158 2537 285 2590; x_wconf 88' lang='lat' dir='ltr'><strong>muthete</strong></span> <span class='ocrx_word' id='word_1_148' title='bbox 302 2537 390 2590; x_wconf 86' lang='lat' dir='ltr'><strong>daher</strong></span> <span class='ocrx_word' id='word_1_149' title='bbox 405 2538 546 2605; x_wconf 69' lang='lat' dir='ltr'><strong>entwcder</strong></span> <span class='ocrx_word' id='word_1_150' title='bbox 560 2547 659 2608; x_wconf 80' lang='lat' dir='ltr'><strong>potest</strong></span> <span class='ocrx_word' id='word_1_151' title='bbox 676 2537 745 2591; x_wconf 88' lang='lat' dir='ltr'><strong>oder</strong></span> <span class='ocrx_word' id='word_1_152' title='bbox 758 2544 862 2607; x_wconf 68' lang='lat' dir='ltr'><strong>poesie.</strong></span> <span class='ocrx_word' id='word_1_153' title='bbox 909 2533 999 2591; x_wconf 83' lang='lat' dir='ltr'><strong>K&#39;eine</strong></span> <span class='ocrx_word' id='word_1_154' title='bbox 1018 2537 1110 2592; x_wconf 76' lang='lat' dir='ltr'><strong>dieser</strong></span> <span class='ocrx_word' id='word_1_155' title='bbox 1130 2539 1201 2611; x_wconf 79' lang='lat' dir='ltr'><strong>bey-</strong></span> 
     </span>
     <span class='ocr_line' id='line_1_22' title="bbox 158 2620 1202 2693; baseline 0.004 -20"><span class='ocrx_word' id='word_1_156' title='bbox 158 2620 213 2674; x_wconf 87' lang='lat' dir='ltr'><strong>den</strong></span> <span class='ocrx_word' id='word_1_157' title='bbox 231 2622 472 2693; x_wconf 76' lang='lat' dir='ltr'><strong>Verinderungen</strong></span> <span class='ocrx_word' id='word_1_158' title='bbox 490 2629 527 2676; x_wconf 80' lang='lat' dir='ltr'><strong>ist</strong></span> <span class='ocrx_word' id='word_1_159' title='bbox 545 2624 655 2693; x_wconf 74' lang='lat' dir='ltr'><strong>no&#39;thig.</strong></span> <span class='ocrx_word' id='word_1_160' title='bbox 691 2624 750 2676; x_wconf 88' lang='lat' dir='ltr'><strong>Der</strong></span> <span class='ocrx_word' id='word_1_161' title='bbox 769 2624 971 2693; x_wconf 80' lang='lat' dir='ltr'><strong>conjunctivus</strong></span> <span class='ocrx_word' id='word_1_162' title='bbox 992 2630 1044 2678; x_wconf 87' lang='lat' dir='ltr'><strong>mit</strong></span> <span class='ocrx_word' id='word_1_163' title='bbox 1062 2623 1127 2678; x_wconf 82' lang='lat' dir='ltr'><strong>dem</strong></span> <span class='ocrx_word' id='word_1_164' title='bbox 1144 2627 1202 2678; x_wconf 80' lang='lat' dir='ltr'><strong>lle·</strong></span> 
     </span>
     <span class='ocr_line' id='line_1_23' title="bbox 125 2707 1200 2778; baseline 0.005 -22"><span class='ocrx_word' id='word_1_165' title='bbox 125 2747 129 2756; x_wconf 95' lang='lat'><strong>.</strong></span> <span class='ocrx_word' id='word_1_166' title='bbox 157 2707 245 2760; x_wconf 86' lang='lat' dir='ltr'><strong>lativo</strong></span> <span class='ocrx_word' id='word_1_167' title='bbox 259 2708 313 2761; x_wconf 81' lang='lat' dir='ltr'><strong>soll</strong></span> <span class='ocrx_word' id='word_1_168' title='bbox 328 2708 382 2761; x_wconf 86' lang='lat' dir='ltr'><strong>deu</strong></span> <span class='ocrx_word' id='word_1_169' title='bbox 398 2709 476 2764; x_wconf 83' lang='lat' dir='ltr'><strong>Grad</strong></span> <span class='ocrx_word' id='word_1_170' title='bbox 491 2713 583 2763; x_wconf 83' lang='lat' dir='ltr'><strong>teiner</strong></span> <span class='ocrx_word' id='word_1_171' title='bbox 597 2708 727 2778; x_wconf 75' lang='lat' dir='ltr'><strong>Achtung</strong></span> <span class='ocrx_word' id='word_1_172' title='bbox 744 2709 803 2762; x_wconf 89' lang='lat' dir='ltr'><strong>und</strong></span> <span class='ocrx_word' id='word_1_173' title='bbox 822 2710 903 2762; x_wconf 85' lang='lat' dir='ltr'><strong>Llcbe</strong></span> <span class='ocrx_word' id='word_1_174' title='bbox 923 2709 1114 2762; x_wconf 78' lang='lat' dir='ltr'><strong>ausdruckcn:</strong></span> <span class='ocrx_word' id='word_1_175' title='bbox 1135 2728 1200 2761; x_wconf 88' lang='lat' dir='ltr'><strong>eum</strong></span> 
     </span>
     <span class='ocr_line' id='line_1_24' title="bbox 157 2793 1201 2867; baseline 0.004 -25"><span class='ocrx_word' id='word_1_176' title='bbox 157 2797 204 2843; x_wconf 73' lang='lat' dir='ltr'><strong>ita</strong></span> <span class='ocrx_word' id='word_1_177' title='bbox 219 2794 339 2860; x_wconf 81' lang='lat' dir='ltr'><strong>plurimi</strong></span> <span class='ocrx_word' id='word_1_178' title='bbox 359 2794 499 2867; x_wconf 81' lang='lat' dir='ltr'><strong>fecerat,</strong></span> <span class='ocrx_word' id='word_1_179' title='bbox 525 2801 559 2846; x_wconf 82' lang='lat' dir='ltr'><strong>ut</strong></span> <span class='ocrx_word' id='word_1_180' title='bbox 578 2795 632 2845; x_wconf 81' lang='lat' dir='ltr'><strong>ltoc</strong></span> <span class='ocrx_word' id='word_1_181' title='bbox 645 2793 746 2866; x_wconf 83' lang='lat' dir='ltr'><strong>fact&#39;Ie</strong></span> <span class='ocrx_word' id='word_1_182' title='bbox 766 2795 895 2861; x_wconf 73' lang='lat' dir='ltr'><strong>Intelligr’</strong></span> <span class='ocrx_word' id='word_1_183' title='bbox 911 2801 1027 2862; x_wconf 78' lang='lat' dir='ltr'><strong>posset,</strong></span> <span class='ocrx_word' id='word_1_184' title='bbox 1054 2793 1201 2846; x_wconf 82' lang='lat' dir='ltr'><strong>n&#39;a&#39;hmlich</strong></span> 
     </span>
     <span class='ocr_line' id='line_1_25' title="bbox 156 2877 1201 2950; baseline -0.003 -18"><span class='ocrx_word' id='word_1_185' title='bbox 156 2878 361 2932; x_wconf 79' lang='lat' dir='ltr'><strong>Alexandrum</strong></span> <span class='ocrx_word' id='word_1_186' title='bbox 383 2882 616 2948; x_wconf 66' lang='lat' dir='ltr'><strong>Hephaestionem</strong></span> <span class='ocrx_word' id='word_1_187' title='bbox 633 2878 743 2950; x_wconf 83' lang='lat' dir='ltr'><strong>facere</strong></span> <span class='ocrx_word' id='word_1_188' title='bbox 761 2881 891 2946; x_wconf 78' lang='lat' dir='ltr'><strong>plurimi.</strong></span> <span class='ocrx_word' id='word_1_189' title='bbox 937 2880 977 2929; x_wconf 85' lang='lat' dir='ltr'><strong>Er</strong></span> <span class='ocrx_word' id='word_1_190' title='bbox 1002 2878 1054 2945; x_wconf 77' lang='lat' dir='ltr'><strong>gel&gt;</strong></span> <span class='ocrx_word' id='word_1_191' title='bbox 1072 2877 1132 2928; x_wconf 88' lang='lat' dir='ltr'><strong>ihm</strong></span> <span class='ocrx_word' id='word_1_192' title='bbox 1149 2893 1201 2929; x_wconf 86' lang='lat' dir='ltr'><strong>vor</strong></span> 
     </span>
     <span class='ocr_line' id='line_1_26' title="bbox 156 2960 1200 3029; baseline -0.003 -14"><span class='ocrx_word' id='word_1_193' title='bbox 156 2961 232 3017; x_wconf 72' lang='lat' dir='ltr'><strong>allen</strong></span> <span class='ocrx_word' id='word_1_194' title='bbox 250 2964 356 3017; x_wconf 78' lang='lat' dir='ltr'><strong>nuderrr</strong></span> <span class='ocrx_word' id='word_1_195' title='bbox 376 2983 407 3017; x_wconf 80' lang='lat' dir='ltr'><strong>eo</strong></span> <span class='ocrx_word' id='word_1_196' title='bbox 425 2963 605 3016; x_wconf 73' lang='lat' dir='ltr'><strong>entechieden</strong></span> <span class='ocrx_word' id='word_1_197' title='bbox 622 2963 676 3013; x_wconf 86' lang='lat' dir='ltr'><strong>den</strong></span> <span class='ocrx_word' id='word_1_198' title='bbox 689 2965 817 3029; x_wconf 80' lang='lat' dir='ltr'><strong>Voraug,</strong></span> <span class='ocrx_word' id='word_1_199' title='bbox 836 2960 897 3012; x_wconf 78' lang='lat' dir='ltr'><strong>dass</strong></span> <span class='ocrx_word' id='word_1_200' title='bbox 916 2961 1078 3029; x_wconf 78' lang='lat' dir='ltr'><strong>jedermcnn</strong></span> <span class='ocrx_word' id='word_1_201' title='bbox 1093 2976 1121 3013; x_wconf 77' lang='lat' dir='ltr'><strong>ce</strong></span> <span class='ocrx_word' id='word_1_202' title='bbox 1136 2964 1200 3012; x_wconf 88' lang='lat' dir='ltr'><strong>ein·</strong></span> 
     </span>
     <span class='ocr_line' id='line_1_27' title="bbox 157 3045 1197 3118; baseline -0.002 -17"><span class='ocrx_word' id='word_1_203' title='bbox 157 3049 218 3101; x_wconf 77' lang='lat' dir='ltr'><strong>sah.</strong></span> <span class='ocrx_word' id='word_1_204' title='bbox 254 3049 341 3118; x_wconf 84' lang='lat' dir='ltr'><strong>Quod</strong></span> <span class='ocrx_word' id='word_1_205' title='bbox 357 3050 402 3101; x_wconf 78' lang='lat' dir='ltr'><strong>sur</strong></span> <span class='ocrx_word' id='word_1_206' title='bbox 420 3055 464 3098; x_wconf 80' lang='lat' dir='ltr'><strong>lta</strong></span> <span class='ocrx_word' id='word_1_207' title='bbox 482 3056 515 3098; x_wconf 79' lang='lat' dir='ltr'><strong>ut</strong></span> <span class='ocrx_word' id='word_1_208' title='bbox 531 3047 600 3109; x_wconf 85' lang='lat' dir='ltr'><strong>ltoc,</strong></span> <span class='ocrx_word' id='word_1_209' title='bbox 616 3051 670 3097; x_wconf 73' lang='lat' dir='ltr'><strong>wie</strong></span> <span class='ocrx_word' id='word_1_210' title='bbox 684 3047 756 3096; x_wconf 85' lang='lat' dir='ltr'><strong>Herc</strong></span> <span class='ocrx_word' id='word_1_211' title='bbox 771 3047 883 3096; x_wconf 79' lang='lat' dir='ltr'><strong>Cotem</strong></span> <span class='ocrx_word' id='word_1_212' title='bbox 905 3045 1007 3112; x_wconf 73' lang='lat' dir='ltr'><strong>rlchtig</strong></span> <span class='ocrx_word' id='word_1_213' title='bbox 1020 3045 1147 3099; x_wconf 78' lang='lat' dir='ltr'><strong>bernerlrt</strong></span> <span class='ocrx_word' id='word_1_214' title='bbox 1161 3064 1197 3099; x_wconf 80' lang='lat' dir='ltr'><strong>cu</strong></span> 
     </span>
     <span class='ocr_line' id='line_1_28' title="bbox 157 3128 1198 3199; baseline 0 -13"><span class='ocrx_word' id='word_1_215' title='bbox 157 3133 257 3186; x_wconf 77' lang='lat' dir='ltr'><strong>Cicero</strong></span> <span class='ocrx_word' id='word_1_216' title='bbox 278 3133 312 3184; x_wconf 87' lang='lat' dir='ltr'><strong>de</strong></span> <span class='ocrx_word' id='word_1_217' title='bbox 332 3135 423 3199; x_wconf 71' lang='lat' dir='ltr'><strong>legg.</strong></span> <span class='ocrx_word' id='word_1_218' title='bbox 441 3135 526 3196; x_wconf 65' lang='lat'><strong>1,8.‚</strong></span> <span class='ocrx_word' id='word_1_219' title='bbox 557 3131 595 3183; x_wconf 83' lang='lat' dir='ltr'><strong>Ee</strong></span> <span class='ocrx_word' id='word_1_220' title='bbox 617 3134 654 3181; x_wconf 84' lang='lat' dir='ltr'><strong>ist</strong></span> <span class='ocrx_word' id='word_1_221' title='bbox 676 3128 725 3181; x_wconf 80' lang='lat' dir='ltr'><strong>dac</strong></span> <span class='ocrx_word' id='word_1_222' title='bbox 745 3129 905 3183; x_wconf 75' lang='lat' dir='ltr'><strong>Relativurn</strong></span> <span class='ocrx_word' id='word_1_223' title='bbox 929 3128 1064 3184; x_wconf 77' lang='lat' dir='ltr'><strong>ceutssle.</strong></span> <span class='ocrx_word' id='word_1_224' title='bbox 1106 3131 1143 3185; x_wconf 88' lang='lat' dir='ltr'><strong>So</strong></span> <span class='ocrx_word' id='word_1_225' title='bbox 1159 3136 1198 3185; x_wconf 81' lang='lat' dir='ltr'><strong>itt</strong></span> 
     </span>
     <span class='ocr_line' id='line_1_29' title="bbox 157 3214 776 3282; baseline -0.008 -12"><span class='ocrx_word' id='word_1_226' title='bbox 157 3218 230 3270; x_wconf 73' lang='lat' dir='ltr'><strong>euch</strong></span> <span class='ocrx_word' id='word_1_227' title='bbox 247 3222 342 3271; x_wconf 68' lang='grc' dir='ltr'><em>Λαίς.</em></span> <span class='ocrx_word' id='word_1_228' title='bbox 360 3216 473 3282; x_wconf 83' lang='lat' dir='ltr'><strong>XVIII,</strong></span> <span class='ocrx_word' id='word_1_229' title='bbox 491 3226 518 3280; x_wconf 86' lang='lat'><strong>5.</strong></span> <span class='ocrx_word' id='word_1_230' title='bbox 543 3233 577 3268; x_wconf 84' lang='lat' dir='ltr'><strong>an</strong></span> <span class='ocrx_word' id='word_1_231' title='bbox 600 3214 776 3268; x_wconf 73' lang='lat' dir='ltr'><strong>rerttcbcn.</strong></span> 
     </span>
    </p>
   </div>
   <div class='ocr_carea' id='block_1_8' title="bbox 155 3333 1199 3579">
    <p class='ocr_par' dir='ltr' id='par_1_8' title="bbox 155 3333 1199 3579">
     <span class='ocr_line' id='line_1_30' title="bbox 242 3333 1199 3406; baseline 0.003 -20"><span class='ocrx_word' id='word_1_232' title='bbox 242 3343 306 3388; x_wconf 79' lang='lat' dir='ltr'><strong>sive</strong></span> <span class='ocrx_word' id='word_1_233' title='bbox 321 3342 420 3406; x_wconf 79' lang='lat' dir='ltr'><strong>potius</strong></span> <span class='ocrx_word' id='word_1_234' title='bbox 437 3335 535 3406; x_wconf 79' lang='lat' dir='ltr'><strong>dicta]</strong></span> <span class='ocrx_word' id='word_1_235' title='bbox 577 3334 656 3388; x_wconf 86' lang='lat' dir='ltr'><strong>Oder</strong></span> <span class='ocrx_word' id='word_1_236' title='bbox 674 3336 831 3399; x_wconf 76' lang='lat' dir='ltr'><strong>vielmelrr,</strong></span> <span class='ocrx_word' id='word_1_237' title='bbox 848 3341 889 3387; x_wconf 78' lang='lat' dir='ltr'><strong>sic</strong></span> <span class='ocrx_word' id='word_1_238' title='bbox 907 3333 1010 3389; x_wconf 77' lang='lat' dir='ltr'><strong>merde</strong></span> <span class='ocrx_word' id='word_1_239' title='bbox 1030 3333 1089 3388; x_wconf 79' lang='lat' dir='ltr'><strong>r&#39;lcm</strong></span> <span class='ocrx_word' id='word_1_240' title='bbox 1111 3353 1199 3389; x_wconf 76' lang='lat' dir='ltr'><strong>cuer·</strong></span> 
     </span>
     <span class='ocr_line' id='line_1_31' title="bbox 156 3419 1197 3506; baseline 0.003 -35"><span class='ocrx_word' id='word_1_241' title='bbox 156 3421 259 3474; x_wconf 72' lang='lat' dir='ltr'><strong>lanne.</strong></span> <span class='ocrx_word' id='word_1_242' title='bbox 295 3421 438 3475; x_wconf 82' lang='lat' dir='ltr'><strong>Addicere</strong></span> <span class='ocrx_word' id='word_1_243' title='bbox 456 3428 493 3475; x_wconf 84' lang='lat' dir='ltr'><strong>ist</strong></span> <span class='ocrx_word' id='word_1_244' title='bbox 513 3437 592 3474; x_wconf 79' lang='lat' dir='ltr'><strong>const</strong></span> <span class='ocrx_word' id='word_1_245' title='bbox 611 3422 757 3506; x_wconf 11' lang='lat' dir='ltr'><strong>inpdietem</strong></span> <span class='ocrx_word' id='word_1_246' title='bbox 775 3423 862 3475; x_wconf 82' lang='lat' dir='ltr'><strong>Since</strong></span> <span class='ocrx_word' id='word_1_247' title='bbox 876 3419 1120 3491; x_wconf 81' lang='lat' dir='ltr'><strong>gebr&#39;aiuchlicher‚</strong></span> <span class='ocrx_word' id='word_1_248' title='bbox 1139 3440 1197 3474; x_wconf 79' lang='lat' dir='ltr'><strong>von</strong></span> 
     </span>
     <span class='ocr_line' id='line_1_32' title="bbox 155 3505 1197 3579; baseline 0.004 -21"><span class='ocrx_word' id='word_1_249' title='bbox 155 3505 279 3570; x_wconf 81' lang='lat' dir='ltr'><strong>Sechen,</strong></span> <span class='ocrx_word' id='word_1_250' title='bbox 296 3506 342 3559; x_wconf 86' lang='lat' dir='ltr'><strong>die</strong></span> <span class='ocrx_word' id='word_1_251' title='bbox 362 3527 429 3560; x_wconf 83' lang='lat' dir='ltr'><strong>man</strong></span> <span class='ocrx_word' id='word_1_252' title='bbox 446 3513 537 3560; x_wconf 79' lang='lat' dir='ltr'><strong>ciuem</strong></span> <span class='ocrx_word' id='word_1_253' title='bbox 559 3508 728 3578; x_wconf 81' lang='lat' dir='ltr'><strong>verspricht‚</strong></span> <span class='ocrx_word' id='word_1_254' title='bbox 746 3507 792 3559; x_wconf 84' lang='lat' dir='ltr'><strong>dle</strong></span> <span class='ocrx_word' id='word_1_255' title='bbox 809 3522 876 3560; x_wconf 84' lang='lat' dir='ltr'><strong>man</strong></span> <span class='ocrx_word' id='word_1_256' title='bbox 893 3508 954 3560; x_wconf 87' lang='lat' dir='ltr'><strong>ihm</strong></span> <span class='ocrx_word' id='word_1_257' title='bbox 971 3508 1038 3561; x_wconf 78' lang='lat' dir='ltr'><strong>aber</strong></span> <span class='ocrx_word' id='word_1_258' title='bbox 1050 3507 1117 3579; x_wconf 73' lang='lat' dir='ltr'><strong>jetur</strong></span> <span class='ocrx_word' id='word_1_259' title='bbox 1131 3521 1197 3562; x_wconf 81' lang='lat' dir='ltr'><strong>cnt-</strong></span> 
     </span>
    </p>
   </div>
   <div class='ocr_carea' id='block_1_9' title="bbox 157 3589 833 3709">
    <p class='ocr_par' dir='ltr' id='par_1_9' title="bbox 157 3589 833 3709">
     <span class='ocr_line' id='line_1_33' title="bbox 157 3589 833 3709; baseline 0.001 -64"><span class='ocrx_word' id='word_1_260' title='bbox 157 3589 252 3645; x_wconf 78' lang='lat' dir='ltr'><strong>weder</strong></span> <span class='ocrx_word' id='word_1_261' title='bbox 270 3591 349 3645; x_wconf 81' lang='lat' dir='ltr'><strong>nicht</strong></span> <span class='ocrx_word' id='word_1_262' title='bbox 367 3593 454 3663; x_wconf 77' lang='lat' dir='ltr'><strong>geben</strong></span> <span class='ocrx_word' id='word_1_263' title='bbox 472 3593 547 3659; x_wconf 80' lang='lat' dir='ltr'><strong>will,</strong></span> <span class='ocrx_word' id='word_1_264' title='bbox 564 3592 633 3645; x_wconf 85' lang='lat' dir='ltr'><strong>oder</strong></span> <span class='ocrx_word' id='word_1_265' title='bbox 646 3594 728 3709; x_wconf 47' lang='grc' dir='ltr'><strong>,ῑςίοἱιι</strong></span> <span class='ocrx_word' id='word_1_266' title='bbox 745 3593 833 3646; x_wconf 75' lang='lat' dir='ltr'><strong>kann.</strong></span> 
     </span>
    </p>
   </div>
   <div class='ocr_carea' id='block_1_10' title="bbox 190 3726 1195 3804">
    <p class='ocr_par' dir='ltr' id='par_1_10' title="bbox 190 3726 1195 3804">
     <span class='ocr_line' id='line_1_34' title="bbox 190 3726 1195 3804; baseline 0 -20"><span class='ocrx_word' id='word_1_267' title='bbox 190 3739 218 3796; x_wconf 76' lang='lat'><strong>5.</strong></span> <span class='ocrx_word' id='word_1_268' title='bbox 243 3731 415 3804; x_wconf 79' lang='lat' dir='ltr'><strong>perducere]</strong></span> <span class='ocrx_word' id='word_1_269' title='bbox 449 3733 585 3788; x_wconf 79' lang='lat' dir='ltr'><strong>Absolute</strong></span> <span class='ocrx_word' id='word_1_270' title='bbox 602 3749 686 3787; x_wconf 81' lang='lat' dir='ltr'><strong>enm</strong></span> <span class='ocrx_word' id='word_1_271' title='bbox 705 3736 785 3804; x_wconf 80' lang='lat' dir='ltr'><strong>elgen</strong></span> <span class='ocrx_word' id='word_1_272' title='bbox 802 3745 899 3803; x_wconf 72' lang='lat' dir='ltr'><strong>georgi</strong></span> <span class='ocrx_word' id='word_1_273' title='bbox 914 3726 962 3785; x_wconf 86' lang='lat' dir='ltr'><strong>sur</strong></span> <span class='ocrx_word' id='word_1_274' title='bbox 981 3736 1195 3786; x_wconf 74' lang='lat' dir='ltr'><strong>insacietatem</strong></span> 
     </span>
    </p>
   </div>
   <div class='ocr_carea' id='block_1_11' title="bbox 151 3814 1195 3955">
    <p class='ocr_par' dir='ltr' id='par_1_11' title="bbox 151 3814 1195 3955">
     <span class='ocr_line' id='line_1_35' title="bbox 151 3814 1195 3891; baseline 0.007 -26"><span class='ocrx_word' id='word_1_275' title='bbox 151 3814 324 3891; x_wconf 77' lang='lat' dir='ltr'><strong>perducere,</strong></span> <span class='ocrx_word' id='word_1_276' title='bbox 350 3819 390 3872; x_wconf 82' lang='lat' dir='ltr'><strong>ad</strong></span> <span class='ocrx_word' id='word_1_277' title='bbox 403 3820 589 3874; x_wconf 77' lang='lat' dir='ltr'><strong>uoluntatem</strong></span> <span class='ocrx_word' id='word_1_278' title='bbox 606 3838 690 3873; x_wconf 76' lang='lat' dir='ltr'><strong>suum</strong></span> <span class='ocrx_word' id='word_1_279' title='bbox 704 3818 877 3890; x_wconf 84' lang='lat' dir='ltr'><strong>perducere,</strong></span> <span class='ocrx_word' id='word_1_280' title='bbox 901 3817 969 3872; x_wconf 88' lang='lat' dir='ltr'><strong>oder</strong></span> <span class='ocrx_word' id='word_1_281' title='bbox 990 3833 1075 3874; x_wconf 72' lang='lat' dir='ltr'><strong>etwas</strong></span> <span class='ocrx_word' id='word_1_282' title='bbox 1097 3818 1195 3872; x_wconf 71' lang='lat' dir='ltr'><strong>debu·</strong></span> 
     </span>
     <span class='ocr_line' id='line_1_36' title="bbox 153 3901 254 3955; baseline 0.03 -3"><span class='ocrx_word' id='word_1_283' title='bbox 153 3901 254 3955; x_wconf 65' lang='lat' dir='ltr'><strong>trebes.</strong></span> 
     </span>
    </p>
   </div>
   <div class='ocr_carea' id='block_1_12' title="bbox 0 0 1366 4838">
    <p class='ocr_par' dir='ltr' id='par_1_12' title="bbox 0 0 1366 4838">
     <span class='ocr_line' id='line_1_37' title="bbox 0 0 1366 4838; baseline 0 3"><span class='ocrx_word' id='word_1_284' title='bbox 0 0 1366 4838; x_wconf 95' lang='lat' dir='ltr'><strong> </strong></span> 
     </span>
    </p>
   </div>
  </div>
 </body>
</html>
