<?xml version="1.0" encoding="UTF-8"?>
<!DOCTYPE html PUBLIC "-//W3C//DTD XHTML 1.0 Transitional//EN"
    "http://www.w3.org/TR/xhtml1/DTD/xhtml1-transitional.dtd">
<html xmlns="http://www.w3.org/1999/xhtml" xml:lang="en" lang="en">
 <head>
  <title>
</title>
<meta http-equiv="Content-Type" content="text/html;charset=utf-8" />
  <meta name='ocr-system' content='tesseract 3.04.00' />
  <meta name='ocr-capabilities' content='ocr_page ocr_carea ocr_par ocr_line ocrx_word'/>
</head>
<body>
  <div class='ocr_page' id='page_1' title='image "./devitaexcellent00bremgoog/devitaexcellent00bremgoog_0150.png"; bbox 0 0 2722 4838; ppageno 0'>
   <div class='ocr_carea' id='block_1_1' title="bbox 386 290 1162 412">
    <p class='ocr_par' dir='ltr' id='par_1_1' title="bbox 386 290 1162 412">
     <span class='ocr_line' id='line_1_1' title="bbox 386 290 1162 412; baseline 0.013 -21"><span class='ocrx_word' id='word_1_1' title='bbox 386 329 433 392; x_wconf 83' lang='lat' dir='ltr'><strong>x.</strong></span> <span class='ocrx_word' id='word_1_2' title='bbox 452 328 555 391; x_wconf 73' lang='lat' dir='ltr'><strong>oron.</strong></span> <span class='ocrx_word' id='word_1_3' title='bbox 595 326 671 409; x_wconf 63' lang='lat' dir='ltr'><strong>cap.</strong></span> <span class='ocrx_word' id='word_1_4' title='bbox 691 327 763 391; x_wconf 81' lang='lat' dir='ltr'><strong>rx.</strong></span> <span class='ocrx_word' id='word_1_5' title='bbox 783 326 828 390; x_wconf 84' lang='lat' dir='ltr'><strong>x.</strong></span> <span class='ocrx_word' id='word_1_6' title='bbox 1069 347 1128 412; x_wconf 71' lang='lat'><strong>14⁹</strong></span> <span class='ocrx_word' id='word_1_7' title='bbox 1153 290 1162 311; x_wconf 73' lang='grc'><strong>’</strong></span> 
     </span>
    </p>
   </div>
   <div class='ocr_carea' id='block_1_2' title="bbox 149 477 1131 670">
    <p class='ocr_par' dir='ltr' id='par_1_2' title="bbox 149 477 1131 670">
     <span class='ocr_line' id='line_1_2' title="bbox 149 477 1131 564; baseline -0.004 -19"><span class='ocrx_word' id='word_1_8' title='bbox 149 483 242 564; x_wconf 75' lang='lat' dir='ltr'><strong>Lyco</strong></span> <span class='ocrx_word' id='word_1_9' title='bbox 263 481 401 563; x_wconf 89' lang='lat' dir='ltr'><strong>quidam</strong></span> <span class='ocrx_word' id='word_1_10' title='bbox 423 482 644 562; x_wconf 81' lang='lat' dir='ltr'><strong>Syracusanus</strong></span> <span class='ocrx_word' id='word_1_11' title='bbox 664 499 721 561; x_wconf 90' lang='lat' dir='ltr'><strong>per</strong></span> <span class='ocrx_word' id='word_1_12' title='bbox 738 477 895 544; x_wconf 74' lang='lat' dir='ltr'><strong>fenestras</strong></span> <span class='ocrx_word' id='word_1_13' title='bbox 913 480 1063 564; x_wconf 77' lang='lat' dir='ltr'><strong>gladium</strong></span> <span class='ocrx_word' id='word_1_14' title='bbox 1079 479 1131 542; x_wconf 90' lang='lat' dir='ltr'><strong>de·</strong></span> 
     </span>
     <span class='ocr_line' id='line_1_3' title="bbox 150 586 716 670; baseline -0.012 -19"><span class='ocrx_word' id='word_1_15' title='bbox 150 590 215 665; x_wconf 87' lang='lat' dir='ltr'><strong>dit,</strong></span> <span class='ocrx_word' id='word_1_16' title='bbox 236 608 305 670; x_wconf 92' lang='lat' dir='ltr'><strong>quo</strong></span> <span class='ocrx_word' id='word_1_17' title='bbox 323 587 420 649; x_wconf 92' lang='lat' dir='ltr'><strong>Dion</strong></span> <span class='ocrx_word' id='word_1_18' title='bbox 443 586 634 649; x_wconf 75' lang='lat' dir='ltr'><strong>interfectus</strong></span> <span class='ocrx_word' id='word_1_19' title='bbox 658 600 716 645; x_wconf 83' lang='lat' dir='ltr'><strong>est.</strong></span> 
     </span>
    </p>
   </div>
   <div class='ocr_carea' id='block_1_3' title="bbox 511 765 711 835">
    <p class='ocr_par' dir='ltr' id='par_1_3' title="bbox 511 765 711 835">
     <span class='ocr_line' id='line_1_4' title="bbox 511 765 711 835; baseline -0.015 0"><span class='ocrx_word' id='word_1_20' title='bbox 511 765 615 835; x_wconf 75' lang='lat' dir='ltr'><strong>Cnr.</strong></span> <span class='ocrx_word' id='word_1_21' title='bbox 664 765 711 834; x_wconf 90' lang='lat' dir='ltr'><strong>X.</strong></span> 
     </span>
    </p>
   </div>
   <div class='ocr_carea' id='block_1_4' title="bbox 92 908 1209 1727">
    <p class='ocr_par' dir='ltr' id='par_1_4' title="bbox 92 908 1209 1412">
     <span class='ocr_line' id='line_1_5' title="bbox 92 908 1209 995; baseline 0.003 -24"><span class='ocrx_word' id='word_1_22' title='bbox 92 928 122 971; x_wconf 86' lang='lat'><strong>1.</strong></span> <span class='ocrx_word' id='word_1_23' title='bbox 154 910 313 972; x_wconf 83' lang='lat' dir='ltr'><strong>contecta</strong></span> <span class='ocrx_word' id='word_1_24' title='bbox 335 909 437 983; x_wconf 84' lang='lat' dir='ltr'><strong>caede,</strong></span> <span class='ocrx_word' id='word_1_25' title='bbox 471 928 579 989; x_wconf 87' lang='lat' dir='ltr'><strong>quum</strong></span> <span class='ocrx_word' id='word_1_26' title='bbox 607 909 793 969; x_wconf 89' lang='lat' dir='ltr'><strong>multitudo</strong></span> <span class='ocrx_word' id='word_1_27' title='bbox 812 908 945 973; x_wconf 82' lang='lat' dir='ltr'><strong>visendi</strong></span> <span class='ocrx_word' id='word_1_28' title='bbox 966 913 1065 995; x_wconf 81' lang='lat' dir='ltr'><strong>gratia</strong></span> <span class='ocrx_word' id='word_1_29' title='bbox 1085 914 1133 975; x_wconf 90' lang='lat' dir='ltr'><strong>in·</strong></span> <span class='ocrx_word' id='word_1_30' title='bbox 1206 958 1209 965; x_wconf 80' lang='grc'>.</span> 
     </span>
     <span class='ocr_line' id='line_1_6' title="bbox 152 1012 1133 1094; baseline 0.003 -16"><span class='ocrx_word' id='word_1_31' title='bbox 152 1017 294 1089; x_wconf 83' lang='lat' dir='ltr'>troisset,</span> <span class='ocrx_word' id='word_1_32' title='bbox 315 1013 479 1075; x_wconf 85' lang='lat' dir='ltr'><strong>nonnulli</strong></span> <span class='ocrx_word' id='word_1_33' title='bbox 498 1017 538 1073; x_wconf 87' lang='lat' dir='ltr'><strong>ab</strong></span> <span class='ocrx_word' id='word_1_34' title='bbox 559 1012 673 1074; x_wconf 83' lang='lat' dir='ltr'><strong>insciis</strong></span> <span class='ocrx_word' id='word_1_35' title='bbox 691 1034 749 1094; x_wconf 88' lang='lat' dir='ltr'><strong>pro</strong></span> <span class='ocrx_word' id='word_1_36' title='bbox 771 1014 884 1090; x_wconf 76' lang='lat' dir='ltr'><strong>noxiis</strong></span> <span class='ocrx_word' id='word_1_37' title='bbox 898 1017 1133 1089; x_wconf 88' lang='lat' dir='ltr'><strong>conciduntur.</strong></span> 
     </span>
     <span class='ocr_line' id='line_1_7' title="bbox 150 1116 1133 1195; baseline 0.002 -13"><span class='ocrx_word' id='word_1_38' title='bbox 150 1123 239 1182; x_wconf 83' lang='lat' dir='ltr'><strong>Nam</strong></span> <span class='ocrx_word' id='word_1_39' title='bbox 252 1119 351 1181; x_wconf 88' lang='lat' dir='ltr'><strong>celeri</strong></span> <span class='ocrx_word' id='word_1_40' title='bbox 361 1136 495 1180; x_wconf 85' lang='lat' dir='ltr'><strong>rumore</strong></span> <span class='ocrx_word' id='word_1_41' title='bbox 508 1116 629 1190; x_wconf 82' lang='lat' dir='ltr'><strong>dilato,</strong></span> <span class='ocrx_word' id='word_1_42' title='bbox 651 1118 762 1178; x_wconf 90' lang='lat' dir='ltr'><strong>Dioni</strong></span> <span class='ocrx_word' id='word_1_43' title='bbox 774 1118 844 1179; x_wconf 90' lang='lat' dir='ltr'><strong>vim</strong></span> <span class='ocrx_word' id='word_1_44' title='bbox 860 1119 1009 1195; x_wconf 83' lang='lat' dir='ltr'><strong>allatam,</strong></span> <span class='ocrx_word' id='word_1_45' title='bbox 1031 1123 1133 1184; x_wconf 88' lang='lat' dir='ltr'><strong>multi</strong></span> 
     </span>
     <span class='ocr_line' id='line_1_8' title="bbox 154 1222 1133 1306; baseline 0.002 -20"><span class='ocrx_word' id='word_1_46' title='bbox 154 1239 404 1298; x_wconf 85' lang='lat' dir='ltr'><strong>concurrerant,</strong></span> <span class='ocrx_word' id='word_1_47' title='bbox 438 1223 561 1303; x_wconf 88' lang='lat' dir='ltr'><strong>quibus</strong></span> <span class='ocrx_word' id='word_1_48' title='bbox 588 1224 651 1284; x_wconf 83' lang='lat' dir='ltr'><strong>tale</strong></span> <span class='ocrx_word' id='word_1_49' title='bbox 677 1222 808 1284; x_wconf 82' lang='lat' dir='ltr'><strong>lacinus</strong></span> <span class='ocrx_word' id='word_1_50' title='bbox 835 1223 1040 1306; x_wconf 80' lang='lat' dir='ltr'><strong>displicebat.</strong></span> <span class='ocrx_word' id='word_1_51' title='bbox 1080 1226 1133 1289; x_wconf 90' lang='lat' dir='ltr'><strong>Hi</strong></span> 
     </span>
     <span class='ocr_line' id='line_1_9' title="bbox 151 1327 1134 1412; baseline 0.003 -21"><span class='ocrx_word' id='word_1_52' title='bbox 151 1332 231 1391; x_wconf 76' lang='lat' dir='ltr'><strong>falsa</strong></span> <span class='ocrx_word' id='word_1_53' title='bbox 250 1329 440 1412; x_wconf 78' lang='lat' dir='ltr'><strong>suspicione</strong></span> <span class='ocrx_word' id='word_1_54' title='bbox 463 1327 572 1402; x_wconf 85' lang='lat' dir='ltr'><strong>ducti,</strong></span> <span class='ocrx_word' id='word_1_55' title='bbox 601 1327 814 1390; x_wconf 75' lang='lat' dir='ltr'><strong>immerentes</strong></span> <span class='ocrx_word' id='word_1_56' title='bbox 835 1344 873 1391; x_wconf 87' lang='lat' dir='ltr'><strong>ut</strong></span> <span class='ocrx_word' id='word_1_57' title='bbox 891 1331 1064 1394; x_wconf 82' lang='lat' dir='ltr'><strong>sceleratos</strong></span> <span class='ocrx_word' id='word_1_58' title='bbox 1084 1353 1134 1394; x_wconf 83' lang='lat' dir='ltr'><strong>oe·</strong></span> 
     </span>
    </p>

    <p class='ocr_par' dir='ltr' id='par_1_5' title="bbox 94 1433 1169 1727">
     <span class='ocr_line' id='line_1_10' title="bbox 94 1433 1169 1515; baseline 0 -17"><span class='ocrx_word' id='word_1_59' title='bbox 94 1457 122 1505; x_wconf 68' lang='grc' dir='ltr'><strong>ι.</strong></span> <span class='ocrx_word' id='word_1_60' title='bbox 153 1437 281 1499; x_wconf 81' lang='lat' dir='ltr'><strong>sidunt.</strong></span> <span class='ocrx_word' id='word_1_61' title='bbox 320 1434 436 1515; x_wconf 82' lang='lat' dir='ltr'><strong>Hujus</strong></span> <span class='ocrx_word' id='word_1_62' title='bbox 456 1434 497 1495; x_wconf 92' lang='lat' dir='ltr'><strong>de</strong></span> <span class='ocrx_word' id='word_1_63' title='bbox 517 1448 623 1494; x_wconf 87' lang='lat' dir='ltr'><strong>morte</strong></span> <span class='ocrx_word' id='word_1_64' title='bbox 646 1447 684 1492; x_wconf 91' lang='lat' dir='ltr'><strong>ut</strong></span> <span class='ocrx_word' id='word_1_65' title='bbox 709 1433 817 1514; x_wconf 79' lang='lat' dir='ltr'><strong>palam</strong></span> <span class='ocrx_word' id='word_1_66' title='bbox 840 1434 964 1497; x_wconf 89' lang='lat' dir='ltr'><strong>factum</strong></span> <span class='ocrx_word' id='word_1_67' title='bbox 987 1453 1050 1511; x_wconf 85' lang='lat' dir='ltr'><strong>est,</strong></span> <span class='ocrx_word' id='word_1_68' title='bbox 1072 1436 1133 1499; x_wconf 87' lang='lat' dir='ltr'><strong>mi·</strong></span> <span class='ocrx_word' id='word_1_69' title='bbox 1166 1442 1169 1449; x_wconf 85' lang='lat'>&#39;</span> 
     </span>
     <span class='ocr_line' id='line_1_11' title="bbox 152 1537 1133 1624; baseline 0.002 -21"><span class='ocrx_word' id='word_1_70' title='bbox 152 1540 298 1604; x_wconf 85' lang='lat' dir='ltr'><strong>rabiliter</strong></span> <span class='ocrx_word' id='word_1_71' title='bbox 310 1539 407 1624; x_wconf 78' lang='lat' dir='ltr'><strong>vulgi</strong></span> <span class='ocrx_word' id='word_1_72' title='bbox 419 1555 548 1601; x_wconf 84' lang='lat' dir='ltr'><strong>mutata</strong></span> <span class='ocrx_word' id='word_1_73' title='bbox 563 1552 610 1599; x_wconf 84' lang='lat' dir='ltr'><strong>est</strong></span> <span class='ocrx_word' id='word_1_74' title='bbox 624 1537 791 1600; x_wconf 83' lang='lat' dir='ltr'><strong>voluntas.</strong></span> <span class='ocrx_word' id='word_1_75' title='bbox 830 1539 918 1601; x_wconf 82' lang='lat' dir='ltr'><strong>Nam</strong></span> <span class='ocrx_word' id='word_1_76' title='bbox 935 1540 996 1620; x_wconf 84' lang='lat' dir='ltr'><strong>qui</strong></span> <span class='ocrx_word' id='word_1_77' title='bbox 1010 1541 1133 1604; x_wconf 89' lang='lat' dir='ltr'><strong>vivum</strong></span> 
     </span>
     <span class='ocr_line' id='line_1_12' title="bbox 153 1641 1133 1727; baseline 0 -19"><span class='ocrx_word' id='word_1_78' title='bbox 153 1666 231 1709; x_wconf 86' lang='lat' dir='ltr'><strong>eum</strong></span> <span class='ocrx_word' id='word_1_79' title='bbox 259 1659 421 1724; x_wconf 76' lang='lat' dir='ltr'><strong>tyrannum</strong></span> <span class='ocrx_word' id='word_1_80' title='bbox 442 1641 642 1717; x_wconf 78' lang='lat' dir='ltr'><strong>vocitarent,</strong></span> <span class='ocrx_word' id='word_1_81' title='bbox 673 1641 778 1704; x_wconf 88' lang='lat' dir='ltr'><strong>iidem</strong></span> <span class='ocrx_word' id='word_1_82' title='bbox 807 1642 998 1706; x_wconf 80' lang='lat' dir='ltr'><strong>liberatorem</strong></span> <span class='ocrx_word' id='word_1_83' title='bbox 1025 1650 1133 1727; x_wconf 82' lang='lat' dir='ltr'><strong>patrie</strong></span> 
     </span>
    </p>
   </div>
   <div class='ocr_carea' id='block_1_5' title="bbox 125 1786 760 1890">
    <p class='ocr_par' dir='ltr' id='par_1_6' title="bbox 125 1786 760 1890">
     <span class='ocr_line' id='line_1_13' title="bbox 125 1786 760 1890; baseline -0.003 -13"><span class='ocrx_word' id='word_1_84' title='bbox 125 1824 162 1877; x_wconf 79' lang='lat' dir='ltr'><strong>X.</strong></span> <span class='ocrx_word' id='word_1_85' title='bbox 201 1843 224 1876; x_wconf 84' lang='lat' dir='ltr'><strong>t.</strong></span> <span class='ocrx_word' id='word_1_86' title='bbox 242 1818 374 1889; x_wconf 78' lang='lat' dir='ltr'><strong>visendi]</strong></span> <span class='ocrx_word' id='word_1_87' title='bbox 410 1819 476 1890; x_wconf 77' lang='lat' dir='ltr'><strong>Vgl.</strong></span> <span class='ocrx_word' id='word_1_88' title='bbox 495 1786 641 1873; x_wconf 75' lang='lat' dir='ltr'><strong>sltcthrad.</strong></span> <span class='ocrx_word' id='word_1_89' title='bbox 660 1822 715 1886; x_wconf 82' lang='lat' dir='ltr'><strong>v1,</strong></span> <span class='ocrx_word' id='word_1_90' title='bbox 736 1841 760 1876; x_wconf 84' lang='lat' dir='ltr'><strong>r.</strong></span> 
     </span>
    </p>
   </div>
   <div class='ocr_carea' id='block_1_6' title="bbox 49 1913 1135 2237">
    <p class='ocr_par' dir='ltr' id='par_1_7' title="bbox 49 1913 1134 1985">
     <span class='ocr_line' id='line_1_14' title="bbox 49 1913 1134 1985; baseline 0.004 -18"><span class='ocrx_word' id='word_1_91' title='bbox 49 1948 56 1967; x_wconf 86' lang='lat'><strong>.</strong></span> <span class='ocrx_word' id='word_1_92' title='bbox 180 1914 389 1985; x_wconf 78' lang='lat' dir='ltr'><strong>conciduntur]</strong></span> <span class='ocrx_word' id='word_1_93' title='bbox 426 1913 582 1967; x_wconf 81' lang='lat' dir='ltr'><strong>Concidere</strong></span> <span class='ocrx_word' id='word_1_94' title='bbox 597 1914 646 1966; x_wconf 78' lang='lat' dir='ltr'><strong>hat</strong></span> <span class='ocrx_word' id='word_1_95' title='bbox 664 1917 765 1966; x_wconf 77' lang='lat' dir='ltr'><strong>immet</strong></span> <span class='ocrx_word' id='word_1_96' title='bbox 776 1919 858 1967; x_wconf 86' lang='lat' dir='ltr'><strong>einen</strong></span> <span class='ocrx_word' id='word_1_97' title='bbox 869 1913 1060 1969; x_wconf 84' lang='lat' dir='ltr'><strong>bedentenden</strong></span> <span class='ocrx_word' id='word_1_98' title='bbox 1073 1918 1134 1971; x_wconf 85' lang='lat' dir='ltr'><strong>Ne-</strong></span> 
     </span>
    </p>

    <p class='ocr_par' dir='ltr' id='par_1_8' title="bbox 90 1994 1135 2237">
     <span class='ocr_line' id='line_1_15' title="bbox 90 1994 1135 2071; baseline 0.001 -17"><span class='ocrx_word' id='word_1_99' title='bbox 90 2002 252 2071; x_wconf 79' lang='lat' dir='ltr'><strong>lrenbegrils</strong></span> <span class='ocrx_word' id='word_1_100' title='bbox 265 2000 332 2053; x_wconf 77' lang='lat' dir='ltr'><strong>bald</strong></span> <span class='ocrx_word' id='word_1_101' title='bbox 351 1998 402 2051; x_wconf 86' lang='lat' dir='ltr'><strong>der</strong></span> <span class='ocrx_word' id='word_1_102' title='bbox 415 1994 693 2070; x_wconf 59' lang='lat' dir='ltr'><strong>ptotztrcbenflbsld</strong></span> <span class='ocrx_word' id='word_1_103' title='bbox 708 1997 758 2051; x_wconf 88' lang='lat' dir='ltr'><strong>der</strong></span> <span class='ocrx_word' id='word_1_104' title='bbox 769 2000 942 2066; x_wconf 76' lang='lat' dir='ltr'><strong>ganelteben</strong></span> <span class='ocrx_word' id='word_1_105' title='bbox 955 2000 1135 2070; x_wconf 79' lang='lat' dir='ltr'><strong>Niederlege.</strong></span> 
     </span>
     <span class='ocr_line' id='line_1_16' title="bbox 90 2081 1132 2160; baseline 0.003 -21"><span class='ocrx_word' id='word_1_106' title='bbox 90 2088 151 2139; x_wconf 77' lang='lat' dir='ltr'><strong>Dee</strong></span> <span class='ocrx_word' id='word_1_107' title='bbox 173 2100 247 2137; x_wconf 85' lang='lat' dir='ltr'><strong>erste</strong></span> <span class='ocrx_word' id='word_1_108' title='bbox 273 2090 310 2138; x_wconf 85' lang='lat' dir='ltr'><strong>ist</strong></span> <span class='ocrx_word' id='word_1_109' title='bbox 334 2084 412 2152; x_wconf 79' lang='lat' dir='ltr'><strong>hier,</strong></span> <span class='ocrx_word' id='word_1_110' title='bbox 440 2082 499 2136; x_wconf 88' lang='lat' dir='ltr'><strong>und</strong></span> <span class='ocrx_word' id='word_1_111' title='bbox 516 2084 640 2138; x_wconf 81' lang='lat' dir='ltr'><strong>Datum.</strong></span> <span class='ocrx_word' id='word_1_112' title='bbox 658 2081 715 2151; x_wconf 85' lang='lat' dir='ltr'><strong>Vl,</strong></span> <span class='ocrx_word' id='word_1_113' title='bbox 733 2082 758 2139; x_wconf 81' lang='lat'><strong>6.</strong></span> <span class='ocrx_word' id='word_1_114' title='bbox 778 2083 828 2137; x_wconf 90' lang='lat' dir='ltr'><strong>der</strong></span> <span class='ocrx_word' id='word_1_115' title='bbox 845 2084 924 2148; x_wconf 66' lang='lat' dir='ltr'><strong>farn</strong></span> <span class='ocrx_word' id='word_1_116' title='bbox 955 2085 1005 2139; x_wconf 81' lang='lat' dir='ltr'><strong>slas</strong></span> <span class='ocrx_word' id='word_1_117' title='bbox 1028 2103 1132 2160; x_wconf 78' lang='lat' dir='ltr'><strong>zweyte</strong></span> 
     </span>
     <span class='ocr_line' id='line_1_17' title="bbox 90 2171 342 2237; baseline 0.012 -14"><span class='ocrx_word' id='word_1_118' title='bbox 90 2172 219 2223; x_wconf 87' lang='lat' dir='ltr'><strong>Hannt&#39;b.</strong></span> <span class='ocrx_word' id='word_1_119' title='bbox 239 2171 296 2235; x_wconf 80' lang='lat' dir='ltr'><strong>Ill,</strong></span> <span class='ocrx_word' id='word_1_120' title='bbox 315 2178 342 2237; x_wconf 75' lang='grc'><strong>4.</strong></span> 
     </span>
    </p>
   </div>
   <div class='ocr_carea' id='block_1_7' title="bbox 87 2262 1182 2833">
    <p class='ocr_par' dir='ltr' id='par_1_9' title="bbox 87 2262 1182 2833">
     <span class='ocr_line' id='line_1_18' title="bbox 177 2262 1162 2333; baseline 0.005 -19"><span class='ocrx_word' id='word_1_121' title='bbox 177 2269 359 2316; x_wconf 85' lang='lat' dir='ltr'><strong>immerentes</strong></span> <span class='ocrx_word' id='word_1_122' title='bbox 377 2272 410 2314; x_wconf 84' lang='lat' dir='ltr'><strong>nt</strong></span> <span class='ocrx_word' id='word_1_123' title='bbox 426 2262 598 2333; x_wconf 83' lang='lat' dir='ltr'><strong>sceleratos]</strong></span> <span class='ocrx_word' id='word_1_124' title='bbox 635 2262 886 2323; x_wconf 81' lang='lat' dir='ltr'><strong>Walnsclreinlich</strong></span> <span class='ocrx_word' id='word_1_125' title='bbox 908 2282 938 2316; x_wconf 86' lang='lat' dir='ltr'><strong>se</strong></span> <span class='ocrx_word' id='word_1_126' title='bbox 962 2265 1017 2317; x_wconf 75' lang='lat' dir='ltr'><strong>viel</strong></span> <span class='ocrx_word' id='word_1_127' title='bbox 1040 2266 1081 2319; x_wconf 81' lang='lat' dir='ltr'><strong>ele</strong></span> <span class='ocrx_word' id='word_1_128' title='bbox 1100 2275 1131 2318; x_wconf 82' lang='lat' dir='ltr'><strong>et</strong></span> <span class='ocrx_word' id='word_1_129' title='bbox 1154 2282 1162 2297; x_wconf 86' lang='grc'><strong><em>’</em></strong></span> 
     </span>
     <span class='ocr_line' id='line_1_19' title="bbox 91 2349 1182 2420; baseline 0.003 -18"><span class='ocrx_word' id='word_1_130' title='bbox 91 2356 272 2402; x_wconf 75' lang='lat' dir='ltr'><strong>immerentes</strong></span> <span class='ocrx_word' id='word_1_131' title='bbox 291 2357 320 2401; x_wconf 91' lang='lat' dir='ltr'><strong>et</strong></span> <span class='ocrx_word' id='word_1_132' title='bbox 336 2349 503 2402; x_wconf 82' lang='lat' dir='ltr'><strong>sceleratos.</strong></span> <span class='ocrx_word' id='word_1_133' title='bbox 555 2350 625 2402; x_wconf 87' lang='lat' dir='ltr'><strong>Wit·</strong></span> <span class='ocrx_word' id='word_1_134' title='bbox 642 2365 735 2415; x_wconf 56' lang='lat' dir='ltr'><strong>„regen</strong></span> <span class='ocrx_word' id='word_1_135' title='bbox 760 2350 830 2401; x_wconf 77' lang='lat' dir='ltr'><strong>atreb</strong></span> <span class='ocrx_word' id='word_1_136' title='bbox 852 2350 1046 2420; x_wconf 73' lang='lat' dir='ltr'><strong>Unscbnldr&#39;ge</strong></span> <span class='ocrx_word' id='word_1_137' title='bbox 1071 2359 1131 2405; x_wconf 66' lang='lat' dir='ltr'><strong>me</strong></span> <span class='ocrx_word' id='word_1_138' title='bbox 1178 2354 1182 2360; x_wconf 83' lang='lat'>&#39;</span> 
     </span>
     <span class='ocr_line' id='line_1_20' title="bbox 88 2434 1130 2504; baseline 0.002 -15"><span class='ocrx_word' id='word_1_139' title='bbox 88 2436 260 2504; x_wconf 75' lang='lat' dir='ltr'><strong>Sebutdr’ge,</strong></span> <span class='ocrx_word' id='word_1_140' title='bbox 295 2435 349 2488; x_wconf 77' lang='lat' dir='ltr'><strong>elle</strong></span> <span class='ocrx_word' id='word_1_141' title='bbox 379 2449 463 2487; x_wconf 77' lang='lat' dir='ltr'><strong>untes</strong></span> <span class='ocrx_word' id='word_1_142' title='bbox 491 2434 640 2496; x_wconf 77' lang='lat' dir='ltr'><strong>einander,</strong></span> <span class='ocrx_word' id='word_1_143' title='bbox 669 2434 742 2485; x_wconf 89' lang='lat' dir='ltr'><strong>ohne</strong></span> <span class='ocrx_word' id='word_1_144' title='bbox 765 2435 994 2503; x_wconf 68' lang='lat' dir='ltr'><strong>Uutersuclrung.</strong></span> <span class='ocrx_word' id='word_1_145' title='bbox 1048 2439 1130 2492; x_wconf 87' lang='lat' dir='ltr'><strong>Doch</strong></span> 
     </span>
     <span class='ocr_line' id='line_1_21' title="bbox 88 2506 1136 2590; baseline 0.005 -16"><span class='ocrx_word' id='word_1_146' title='bbox 88 2523 216 2574; x_wconf 78' lang='lat' dir='ltr'><strong>ltdnnten</strong></span> <span class='ocrx_word' id='word_1_147' title='bbox 227 2520 272 2573; x_wconf 84' lang='lat' dir='ltr'><strong>die</strong></span> <span class='ocrx_word' id='word_1_148' title='bbox 290 2506 536 2587; x_wconf 79' lang='lat' dir='ltr'><strong>vorhergebeuden</strong></span> <span class='ocrx_word' id='word_1_149' title='bbox 546 2520 588 2572; x_wconf 88' lang='lat' dir='ltr'>W</span> <span class='ocrx_word' id='word_1_150' title='bbox 591 2536 651 2573; x_wconf 82' lang='lat' dir='ltr'><strong>orte</strong></span> <span class='ocrx_word' id='word_1_151' title='bbox 661 2519 752 2590; x_wconf 84' lang='lat' dir='ltr'><strong>salsa</strong></span> <span class='ocrx_word' id='word_1_152' title='bbox 763 2526 924 2588; x_wconf 75' lang='lat' dir='ltr'><strong>suspicione</strong></span> <span class='ocrx_word' id='word_1_153' title='bbox 934 2522 1016 2575; x_wconf 71' lang='lat' dir='ltr'><strong>duat</strong></span> <span class='ocrx_word' id='word_1_154' title='bbox 1029 2523 1136 2579; x_wconf 74' lang='lat' dir='ltr'><strong>darauf</strong></span> 
     </span>
     <span class='ocr_line' id='line_1_22' title="bbox 90 2604 1128 2677; baseline 0.003 -17"><span class='ocrx_word' id='word_1_155' title='bbox 90 2607 207 2671; x_wconf 70' lang='lat' dir='ltr'><strong>fabren,</strong></span> <span class='ocrx_word' id='word_1_156' title='bbox 237 2604 298 2658; x_wconf 81' lang='lat' dir='ltr'><strong>daie</strong></span> <span class='ocrx_word' id='word_1_157' title='bbox 324 2610 365 2657; x_wconf 87' lang='lat' dir='ltr'><strong>sie</strong></span> <span class='ocrx_word' id='word_1_158' title='bbox 380 2605 572 2673; x_wconf 77' lang='lat' dir='ltr'><strong>Unschultlige</strong></span> <span class='ocrx_word' id='word_1_159' title='bbox 597 2620 664 2658; x_wconf 78' lang='lat' dir='ltr'><strong>stan</strong></span> <span class='ocrx_word' id='word_1_160' title='bbox 689 2605 738 2658; x_wconf 84' lang='lat' dir='ltr'><strong>dee</strong></span> <span class='ocrx_word' id='word_1_161' title='bbox 754 2605 925 2675; x_wconf 71' lang='lat' dir='ltr'><strong>Scholsligen</strong></span> <span class='ocrx_word' id='word_1_162' title='bbox 943 2612 1128 2677; x_wconf 69' lang='lat' dir='ltr'><strong>umgelrracbe</strong></span> 
     </span>
     <span class='ocr_line' id='line_1_23' title="bbox 87 2684 1130 2763; baseline 0.005 -19"><span class='ocrx_word' id='word_1_163' title='bbox 87 2692 201 2758; x_wconf 69' lang='lat' dir='ltr'><strong>litteren,</strong></span> <span class='ocrx_word' id='word_1_164' title='bbox 232 2690 291 2744; x_wconf 87' lang='lat' dir='ltr'><strong>und</strong></span> <span class='ocrx_word' id='word_1_165' title='bbox 312 2690 358 2745; x_wconf 87' lang='lat' dir='ltr'><strong>die</strong></span> <span class='ocrx_word' id='word_1_166' title='bbox 381 2689 553 2762; x_wconf 78' lang='lat' dir='ltr'><strong>Sebutdigen</strong></span> <span class='ocrx_word' id='word_1_167' title='bbox 578 2684 622 2745; x_wconf 68' lang='lat' dir='ltr'><strong>els&#39;</strong></span> <span class='ocrx_word' id='word_1_168' title='bbox 647 2691 815 2762; x_wconf 80' lang='lat' dir='ltr'><strong>uuscbulds&#39;g</strong></span> <span class='ocrx_word' id='word_1_169' title='bbox 840 2691 933 2747; x_wconf 77' lang='lat' dir='ltr'><strong>dcvon</strong></span> <span class='ocrx_word' id='word_1_170' title='bbox 961 2697 1130 2763; x_wconf 74' lang='lat' dir='ltr'><strong>gelommen</strong></span> 
     </span>
     <span class='ocr_line' id='line_1_24' title="bbox 87 2795 192 2833; baseline 0.029 -4"><span class='ocrx_word' id='word_1_171' title='bbox 87 2795 192 2833; x_wconf 80' lang='lat' dir='ltr'><strong>waren.</strong></span> 
     </span>
    </p>
   </div>
   <div class='ocr_carea' id='block_1_8' title="bbox 88 2904 1131 3161">
    <p class='ocr_par' dir='ltr' id='par_1_10' title="bbox 88 2904 1131 3161">
     <span class='ocr_line' id='line_1_25' title="bbox 124 2904 1131 2987; baseline 0 -16"><span class='ocrx_word' id='word_1_172' title='bbox 124 2936 150 2971; x_wconf 67' lang='grc' dir='ltr'><strong>π.</strong></span> <span class='ocrx_word' id='word_1_173' title='bbox 178 2917 281 2987; x_wconf 71' lang='lat' dir='ltr'><strong>nujus</strong></span> <span class='ocrx_word' id='word_1_174' title='bbox 299 2916 333 2970; x_wconf 83' lang='lat' dir='ltr'><strong>de</strong></span> <span class='ocrx_word' id='word_1_175' title='bbox 354 2904 447 2972; x_wconf 76' lang='lat' dir='ltr'><strong>morte</strong></span> <span class='ocrx_word' id='word_1_176' title='bbox 466 2927 498 2970; x_wconf 86' lang='lat' dir='ltr'><strong>nt</strong></span> <span class='ocrx_word' id='word_1_177' title='bbox 513 2912 751 2986; x_wconf 63' lang='lat' dir='ltr'><strong>pulam&#39;scctum</strong></span> <span class='ocrx_word' id='word_1_178' title='bbox 771 2916 829 2986; x_wconf 84' lang='lat' dir='ltr'><strong>est]</strong></span> <span class='ocrx_word' id='word_1_179' title='bbox 865 2917 953 2983; x_wconf 68' lang='lat' dir='ltr'><strong>l‘&#39;,lgen</strong></span> <span class='ocrx_word' id='word_1_180' title='bbox 972 2931 1067 2985; x_wconf 73' lang='lat' dir='ltr'><strong>gessgt</strong></span> <span class='ocrx_word' id='word_1_181' title='bbox 1084 2917 1131 2972; x_wconf 78' lang='lat' dir='ltr'><strong>stre</strong></span> 
     </span>
     <span class='ocr_line' id='line_1_26' title="bbox 88 3000 1131 3073; baseline 0.003 -19"><span class='ocrx_word' id='word_1_182' title='bbox 88 3022 173 3073; x_wconf 70' lang='lat' dir='ltr'><strong>queem</strong></span> <span class='ocrx_word' id='word_1_183' title='bbox 191 3003 257 3072; x_wconf 82' lang='lat' dir='ltr'><strong>ejus</strong></span> <span class='ocrx_word' id='word_1_184' title='bbox 276 3021 353 3055; x_wconf 82' lang='lat' dir='ltr'><strong>more</strong></span> <span class='ocrx_word' id='word_1_185' title='bbox 368 3005 590 3073; x_wconf 79' lang='lat' dir='ltr'><strong>percrebuisset.</strong></span> <span class='ocrx_word' id='word_1_186' title='bbox 626 3002 708 3052; x_wconf 90' lang='lat' dir='ltr'><strong>Denn</strong></span> <span class='ocrx_word' id='word_1_187' title='bbox 727 3000 772 3052; x_wconf 90' lang='lat' dir='ltr'><strong>die</strong></span> <span class='ocrx_word' id='word_1_188' title='bbox 790 3000 983 3067; x_wconf 73' lang='lat' dir='ltr'><strong>gessblruliclre</strong></span> <span class='ocrx_word' id='word_1_189' title='bbox 1002 3001 1131 3058; x_wconf 78' lang='lat' dir='ltr'><strong>Redem-</strong></span> 
     </span>
     <span class='ocr_line' id='line_1_27' title="bbox 88 3084 820 3161; baseline -0.003 -20"><span class='ocrx_word' id='word_1_190' title='bbox 88 3103 132 3142; x_wconf 70' lang='grc' dir='ltr'><strong>ιη</strong></span> <span class='ocrx_word' id='word_1_191' title='bbox 150 3093 187 3141; x_wconf 83' lang='lat' dir='ltr'><strong>ise</strong></span> <span class='ocrx_word' id='word_1_192' title='bbox 201 3089 303 3157; x_wconf 78' lang='lat' dir='ltr'><strong>palam</strong></span> <span class='ocrx_word' id='word_1_193' title='bbox 316 3088 426 3161; x_wconf 76' lang='lat' dir='ltr'><strong>facere</strong></span> <span class='ocrx_word' id='word_1_194' title='bbox 443 3087 521 3158; x_wconf 80' lang='lat' dir='ltr'><strong>quid.</strong></span> <span class='ocrx_word' id='word_1_195' title='bbox 557 3084 686 3138; x_wconf 85' lang='lat' dir='ltr'><strong>Hannib.</strong></span> <span class='ocrx_word' id='word_1_196' title='bbox 705 3087 776 3150; x_wconf 87' lang='lat' dir='ltr'><strong>Vll,</strong></span> <span class='ocrx_word' id='word_1_197' title='bbox 794 3098 820 3149; x_wconf 87' lang='grc'><strong>7.</strong></span> 
     </span>
    </p>
   </div>
   <div class='ocr_carea' id='block_1_9' title="bbox 88 3190 1131 3352">
    <p class='ocr_par' dir='ltr' id='par_1_11' title="bbox 88 3190 1131 3352">
     <span class='ocr_line' id='line_1_28' title="bbox 176 3190 1131 3266; baseline 0.004 -17"><span class='ocrx_word' id='word_1_198' title='bbox 176 3207 293 3250; x_wconf 81' lang='lat' dir='ltr'><strong>mutata</strong></span> <span class='ocrx_word' id='word_1_199' title='bbox 313 3207 358 3251; x_wconf 89' lang='lat' dir='ltr'><strong>est</strong></span> <span class='ocrx_word' id='word_1_200' title='bbox 373 3195 531 3266; x_wconf 83' lang='lat' dir='ltr'><strong>voluntas]</strong></span> <span class='ocrx_word' id='word_1_201' title='bbox 568 3196 714 3252; x_wconf 79' lang='lat' dir='ltr'><strong>Voluntas</strong></span> <span class='ocrx_word' id='word_1_202' title='bbox 729 3199 766 3247; x_wconf 82' lang='lat' dir='ltr'><strong>ist</strong></span> <span class='ocrx_word' id='word_1_203' title='bbox 783 3190 845 3247; x_wconf 85' lang='lat' dir='ltr'><strong>hier</strong></span> <span class='ocrx_word' id='word_1_204' title='bbox 857 3194 1008 3264; x_wconf 71' lang='lat' dir='ltr'><strong>allgemeiu</strong></span> <span class='ocrx_word' id='word_1_205' title='bbox 1024 3200 1131 3254; x_wconf 75' lang='lat' dir='ltr'><strong>Gestu-</strong></span> 
     </span>
     <span class='ocr_line' id='line_1_29' title="bbox 88 3279 1130 3352; baseline 0.001 -15"><span class='ocrx_word' id='word_1_206' title='bbox 88 3300 180 3352; x_wconf 77' lang='lat' dir='ltr'><strong>nnng.</strong></span> <span class='ocrx_word' id='word_1_207' title='bbox 217 3283 301 3337; x_wconf 80' lang='lat' dir='ltr'><strong>Souet</strong></span> <span class='ocrx_word' id='word_1_208' title='bbox 324 3289 405 3338; x_wconf 80' lang='lat' dir='ltr'><strong>letes</strong></span> <span class='ocrx_word' id='word_1_209' title='bbox 423 3289 562 3352; x_wconf 66' lang='lat' dir='ltr'><strong>gunstige</strong></span> <span class='ocrx_word' id='word_1_210' title='bbox 579 3283 767 3348; x_wconf 74' lang='lat' dir='ltr'><strong>Gestnnnng‚</strong></span> <span class='ocrx_word' id='word_1_211' title='bbox 785 3279 895 3350; x_wconf 80' lang='lat' dir='ltr'><strong>favor,</strong></span> <span class='ocrx_word' id='word_1_212' title='bbox 915 3281 1130 3340; x_wconf 76' lang='lat' dir='ltr'><strong>benevolentia.</strong></span> 
     </span>
    </p>
   </div>
   <div class='ocr_carea' id='block_1_10' title="bbox 85 3376 1132 4145">
    <p class='ocr_par' dir='ltr' id='par_1_12' title="bbox 85 3376 1132 4145">
     <span class='ocr_line' id='line_1_30' title="bbox 174 3376 1129 3465; baseline 0.004 -21"><span class='ocrx_word' id='word_1_213' title='bbox 174 3394 253 3445; x_wconf 88' lang='lat' dir='ltr'><strong>Nam</strong></span> <span class='ocrx_word' id='word_1_214' title='bbox 269 3376 327 3462; x_wconf 77' lang='lat' dir='ltr'><strong>¹qni</strong></span> <span class='ocrx_word' id='word_1_215' title='bbox 352 3400 443 3447; x_wconf 77' lang='lat' dir='ltr'><strong>vr&#39;vnm</strong></span> <span class='ocrx_word' id='word_1_216' title='bbox 470 3412 532 3446; x_wconf 86' lang='lat' dir='ltr'><strong>enm</strong></span> <span class='ocrx_word' id='word_1_217' title='bbox 556 3402 716 3465; x_wconf 84' lang='lat' dir='ltr'><strong>tyrannum</strong></span> <span class='ocrx_word' id='word_1_218' title='bbox 741 3395 928 3454; x_wconf 80' lang='lat' dir='ltr'><strong>vocitarent,</strong></span> <span class='ocrx_word' id='word_1_219' title='bbox 958 3391 1045 3444; x_wconf 80' lang='lat' dir='ltr'><strong>tidem</strong></span> <span class='ocrx_word' id='word_1_220' title='bbox 1069 3393 1129 3465; x_wconf 84' lang='lat' dir='ltr'><strong>cet]</strong></span> 
     </span>
     <span class='ocr_line' id='line_1_31' title="bbox 88 3473 1129 3547; baseline 0.002 -15"><span class='ocrx_word' id='word_1_221' title='bbox 88 3476 244 3543; x_wconf 76' lang='lat' dir='ltr'><strong>Enmdem,</strong></span> <span class='ocrx_word' id='word_1_222' title='bbox 262 3495 319 3530; x_wconf 76' lang='lat' dir='ltr'><strong>was</strong></span> <span class='ocrx_word' id='word_1_223' title='bbox 339 3479 515 3547; x_wconf 81' lang='lat' dir='ltr'><strong>gewohnlicb</strong></span> <span class='ocrx_word' id='word_1_224' title='bbox 533 3477 568 3531; x_wconf 80' lang='lat' dir='ltr'><strong>da</strong></span> <span class='ocrx_word' id='word_1_225' title='bbox 584 3473 685 3537; x_wconf 78' lang='lat' dir='ltr'><strong>stand,</strong></span> <span class='ocrx_word' id='word_1_226' title='bbox 704 3480 741 3531; x_wconf 85' lang='lat' dir='ltr'><strong>ist</strong></span> <span class='ocrx_word' id='word_1_227' title='bbox 759 3474 878 3527; x_wconf 72' lang='lat' dir='ltr'><strong>iussores</strong></span> <span class='ocrx_word' id='word_1_228' title='bbox 900 3491 980 3530; x_wconf 78' lang='lat' dir='ltr'><strong>matt.</strong></span> <span class='ocrx_word' id='word_1_229' title='bbox 1016 3479 1129 3534; x_wconf 84' lang='lat' dir='ltr'><strong>Corne·</strong></span> 
     </span>
     <span class='ocr_line' id='line_1_32' title="bbox 87 3561 1129 3621; baseline 0.001 -5"><span class='ocrx_word' id='word_1_230' title='bbox 87 3564 144 3617; x_wconf 85' lang='lat' dir='ltr'><strong>lius</strong></span> <span class='ocrx_word' id='word_1_231' title='bbox 163 3564 222 3616; x_wconf 81' lang='lat' dir='ltr'><strong>will</strong></span> <span class='ocrx_word' id='word_1_232' title='bbox 241 3563 292 3615; x_wconf 79' lang='lat' dir='ltr'><strong>sus</strong></span> <span class='ocrx_word' id='word_1_233' title='bbox 307 3562 361 3616; x_wconf 86' lang='lat' dir='ltr'><strong>den</strong></span> <span class='ocrx_word' id='word_1_234' title='bbox 379 3561 588 3618; x_wconf 79' lang='lat' dir='ltr'><strong>Wsnlcelmuth</strong></span> <span class='ocrx_word' id='word_1_235' title='bbox 606 3561 654 3615; x_wconf 81' lang='lat' dir='ltr'><strong>dee</strong></span> <span class='ocrx_word' id='word_1_236' title='bbox 671 3561 776 3613; x_wconf 80' lang='lat' dir='ltr'><strong>Volkes</strong></span> <span class='ocrx_word' id='word_1_237' title='bbox 795 3561 987 3614; x_wconf 77' lang='lat' dir='ltr'><strong>eusmerlteern</strong></span> <span class='ocrx_word' id='word_1_238' title='bbox 1000 3564 1129 3621; x_wconf 79' lang='lat' dir='ltr'><strong>machon.</strong></span> 
     </span>
     <span class='ocr_line' id='line_1_33' title="bbox 87 3642 1128 3714; baseline 0 -13"><span class='ocrx_word' id='word_1_239' title='bbox 87 3642 176 3701; x_wconf 78' lang='lat' dir='ltr'><strong>let&#39;ee</strong></span> <span class='ocrx_word' id='word_1_240' title='bbox 198 3648 277 3700; x_wconf 86' lang='lat' dir='ltr'><strong>nicht</strong></span> <span class='ocrx_word' id='word_1_241' title='bbox 297 3647 485 3712; x_wconf 77' lang='lat' dir='ltr'><strong>naturlichee‚</strong></span> <span class='ocrx_word' id='word_1_242' title='bbox 503 3665 534 3699; x_wconf 82' lang='lat' dir='ltr'><strong>er</strong></span> <span class='ocrx_word' id='word_1_243' title='bbox 552 3663 631 3714; x_wconf 63' lang='lat' dir='ltr'><strong>regn</strong></span> <span class='ocrx_word' id='word_1_244' title='bbox 665 3647 733 3697; x_wconf 83' lang='lat' dir='ltr'><strong>eben</strong></span> <span class='ocrx_word' id='word_1_245' title='bbox 759 3646 926 3712; x_wconf 72' lang='lat' dir='ltr'><strong>trecente,</strong></span> <span class='ocrx_word' id='word_1_246' title='bbox 954 3647 1058 3701; x_wconf 77' lang='lat' dir='ltr'><strong>welche</strong></span> <span class='ocrx_word' id='word_1_247' title='bbox 1077 3651 1128 3704; x_wconf 86' lang='lat' dir='ltr'><strong>ibn</strong></span> 
     </span>
     <span class='ocr_line' id='line_1_34' title="bbox 86 3730 1129 3803; baseline 0.004 -19"><span class='ocrx_word' id='word_1_248' title='bbox 86 3731 221 3785; x_wconf 76' lang='lat' dir='ltr'><strong>wibrend</strong></span> <span class='ocrx_word' id='word_1_249' title='bbox 240 3736 329 3784; x_wconf 86' lang='lat' dir='ltr'><strong>seines</strong></span> <span class='ocrx_word' id='word_1_250' title='bbox 347 3730 452 3785; x_wconf 83' lang='lat' dir='ltr'><strong>Lebeus</strong></span> <span class='ocrx_word' id='word_1_251' title='bbox 475 3737 556 3785; x_wconf 88' lang='lat' dir='ltr'><strong>einen</strong></span> <span class='ocrx_word' id='word_1_252' title='bbox 576 3731 733 3803; x_wconf 85' lang='lat' dir='ltr'><strong>Tyrannen</strong></span> <span class='ocrx_word' id='word_1_253' title='bbox 761 3731 902 3794; x_wconf 75' lang='lat' dir='ltr'><strong>sclialteu,</strong></span> <span class='ocrx_word' id='word_1_254' title='bbox 929 3747 1054 3785; x_wconf 80' lang='lat' dir='ltr'><strong>nennteu</strong></span> <span class='ocrx_word' id='word_1_255' title='bbox 1077 3736 1129 3789; x_wconf 85' lang='lat' dir='ltr'><strong>ilnr</strong></span> 
     </span>
     <span class='ocr_line' id='line_1_35' title="bbox 85 3815 1130 3885; baseline 0.003 -17"><span class='ocrx_word' id='word_1_256' title='bbox 85 3818 153 3885; x_wconf 81' lang='lat' dir='ltr'><strong>jerct</strong></span> <span class='ocrx_word' id='word_1_257' title='bbox 177 3816 312 3870; x_wconf 83' lang='lat' dir='ltr'><strong>Erretter</strong></span> <span class='ocrx_word' id='word_1_258' title='bbox 338 3815 388 3868; x_wconf 83' lang='lat' dir='ltr'><strong>des</strong></span> <span class='ocrx_word' id='word_1_259' title='bbox 413 3815 631 3874; x_wconf 83' lang='lat' dir='ltr'><strong>Vaterlandes?</strong></span> <span class='ocrx_word' id='word_1_260' title='bbox 662 3815 827 3884; x_wconf 70' lang='lat' dir='ltr'><strong>Dessssegbn</strong></span> <span class='ocrx_word' id='word_1_261' title='bbox 852 3815 927 3868; x_wconf 82' lang='lat' dir='ltr'><strong>mule</strong></span> <span class='ocrx_word' id='word_1_262' title='bbox 951 3833 1017 3870; x_wconf 78' lang='lat' dir='ltr'><strong>man</strong></span> <span class='ocrx_word' id='word_1_263' title='bbox 1041 3819 1130 3874; x_wconf 83' lang='lat' dir='ltr'><strong>s‘s&#39;dem</strong></span> 
     </span>
     <span class='ocr_line' id='line_1_36' title="bbox 86 3886 1127 3972; baseline 0.006 -18"><span class='ocrx_word' id='word_1_264' title='bbox 86 3886 181 3956; x_wconf 49' lang='lat' dir='ltr'><strong>lesen:</strong></span> <span class='ocrx_word' id='word_1_265' title='bbox 222 3904 265 3955; x_wconf 83' lang='lat' dir='ltr'><strong>Da</strong></span> <span class='ocrx_word' id='word_1_266' title='bbox 291 3902 350 3955; x_wconf 84' lang='lat' dir='ltr'><strong>sich</strong></span> <span class='ocrx_word' id='word_1_267' title='bbox 372 3902 461 3956; x_wconf 82' lang='lat' dir='ltr'><strong>dieser</strong></span> <span class='ocrx_word' id='word_1_268' title='bbox 482 3901 611 3955; x_wconf 79' lang='lat' dir='ltr'><strong>wirllieh</strong></span> <span class='ocrx_word' id='word_1_269' title='bbox 635 3907 665 3954; x_wconf 86' lang='lat' dir='ltr'><strong>in</strong></span> <span class='ocrx_word' id='word_1_270' title='bbox 690 3920 765 3971; x_wconf 76' lang='lat' dir='ltr'><strong>swey</strong></span> <span class='ocrx_word' id='word_1_271' title='bbox 786 3900 1004 3956; x_wconf 79' lang='lat' dir='ltr'><strong>llaudschristen</strong></span> <span class='ocrx_word' id='word_1_272' title='bbox 1024 3904 1127 3972; x_wconf 83' lang='lat' dir='ltr'><strong>findet,</strong></span> 
     </span>
     <span class='ocr_line' id='line_1_37' title="bbox 88 3986 1127 4058; baseline 0.006 -18"><span class='ocrx_word' id='word_1_273' title='bbox 88 4004 119 4040; x_wconf 85' lang='lat' dir='ltr'><strong>so</strong></span> <span class='ocrx_word' id='word_1_274' title='bbox 139 3987 210 4040; x_wconf 85' lang='lat' dir='ltr'><strong>habe</strong></span> <span class='ocrx_word' id='word_1_275' title='bbox 229 3989 275 4041; x_wconf 89' lang='lat' dir='ltr'><strong>ich</strong></span> <span class='ocrx_word' id='word_1_276' title='bbox 300 4006 328 4040; x_wconf 87' lang='lat' dir='ltr'><strong>ee</strong></span> <span class='ocrx_word' id='word_1_277' title='bbox 356 3989 422 4058; x_wconf 73' lang='lat' dir='ltr'><strong>jetur</strong></span> <span class='ocrx_word' id='word_1_278' title='bbox 445 3988 518 4040; x_wconf 85' lang='lat' dir='ltr'><strong>olrne</strong></span> <span class='ocrx_word' id='word_1_279' title='bbox 537 3986 686 4040; x_wconf 86' lang='lat' dir='ltr'><strong>Bedenken</strong></span> <span class='ocrx_word' id='word_1_280' title='bbox 713 3992 764 4038; x_wconf 89' lang='lat' dir='ltr'><strong>mit</strong></span> <span class='ocrx_word' id='word_1_281' title='bbox 788 3990 899 4055; x_wconf 79' lang='lat' dir='ltr'><strong>einigeu</strong></span> <span class='ocrx_word' id='word_1_282' title='bbox 925 3987 976 4041; x_wconf 87' lang='lat' dir='ltr'><strong>der</strong></span> <span class='ocrx_word' id='word_1_283' title='bbox 992 4008 1127 4048; x_wconf 85' lang='lat' dir='ltr'><strong>neuesteu</strong></span> 
     </span>
     <span class='ocr_line' id='line_1_38' title="bbox 87 4072 1132 4145; baseline 0.007 -18"><span class='ocrx_word' id='word_1_284' title='bbox 87 4072 283 4145; x_wconf 78' lang='lat' dir='ltr'><strong>llereusgeber</strong></span> <span class='ocrx_word' id='word_1_285' title='bbox 300 4077 330 4128; x_wconf 89' lang='lat' dir='ltr'><strong>in</strong></span> <span class='ocrx_word' id='word_1_286' title='bbox 350 4072 405 4127; x_wconf 85' lang='lat' dir='ltr'><strong>deu</strong></span> <span class='ocrx_word' id='word_1_287' title='bbox 422 4073 493 4128; x_wconf 81' lang='lat' dir='ltr'><strong>Text</strong></span> <span class='ocrx_word' id='word_1_288' title='bbox 512 4073 738 4144; x_wconf 78' lang='lat' dir='ltr'><strong>autgeuonrmen.</strong></span> <span class='ocrx_word' id='word_1_289' title='bbox 775 4072 846 4126; x_wconf 76' lang='lat' dir='ltr'><strong>Man</strong></span> <span class='ocrx_word' id='word_1_290' title='bbox 864 4072 972 4129; x_wconf 71' lang='lat' dir='ltr'><strong>ibunte</strong></span> <span class='ocrx_word' id='word_1_291' title='bbox 990 4076 1061 4133; x_wconf 81' lang='lat' dir='ltr'><strong>ettclt</strong></span> <span class='ocrx_word' id='word_1_292' title='bbox 1077 4096 1132 4134; x_wconf 84' lang='lat' dir='ltr'><strong>tut·</strong></span> 
     </span>
    </p>
   </div>
   <div class='ocr_carea' id='block_1_11' title="bbox 0 0 1366 4838">
    <p class='ocr_par' dir='ltr' id='par_1_13' title="bbox 0 0 1366 4838">
     <span class='ocr_line' id='line_1_39' title="bbox 0 0 1366 4838; baseline 0 1"><span class='ocrx_word' id='word_1_293' title='bbox 0 0 1366 4838; x_wconf 95' lang='lat' dir='ltr'><strong> </strong></span> 
     </span>
    </p>
   </div>
  </div>
 </body>
</html>
