2722 4838
62 376 65 383 Ι
155 310 218 378 124
390 290 515 359 VIII.
538 292 757 374 Thrasybulus.
797 290 873 376 Gap.
894 295 968 358 IV.

117 492 121 501 .
218 463 259 506 ex
285 445 348 506 istis
372 447 444 507 nolo
470 447 620 528 emplius,
656 467 751 526 quam
778 461 897 508 centum
917 448 1051 526 jugem,
1082 469 1150 528 que
1171 464 1204 512 et

217 555 318 615 mecm
341 552 439 612 animi
459 556 631 631 equitatem
652 566 681 612 et
702 567 830 612 vestram
849 553 1034 612 voluntatem
1056 554 1200 617 indicent.

213 655 303 717 Nam
320 675 420 736 parva
439 674 596 730 munera,
616 654 766 730 diutina,
787 656 967 738 locupletia
982 678 1052 719 non
1066 661 1200 741 propria
1255 702 1267 715 .

153 758 186 825 3.
216 778 286 822 esse
315 775 575 822 consueverunt.
627 761 695 820 Illa
729 760 830 843 igitur
863 781 983 823 corona
1018 779 1199 826 contentus

211 863 442 947 Thrasybulus
459 883 571 944 neque
582 863 727 944 amplius
741 866 936 947 requisivit,
957 886 1068 947 neque
1082 888 1198 947 quem·

153 988 187 1050 4.
215 990 317 1051 quam
345 969 474 1031 honore
497 989 532 1031 se
558 970 768 1031 antecessisse
788 970 1004 1033 existimavit.
1057 971 1126 1034 Hic
1149 993 1198 1036 se·

211 1074 332 1155 quenti
363 1087 508 1157 tempore
532 1093 640 1153 quum
668 1091 784 1156 praetor
810 1078 946 1140 classem
975 1077 1018 1137 ad
1039 1076 1195 1139 Ciliciam

210 1179 408 1263 appulisset,
428 1199 540 1259 neque
560 1176 637 1239 satis
658 1179 835 1261 diligenter
856 1181 893 1242 in
916 1181 1026 1243 castris
1040 1181 1111 1262 ejus
1124 1203 1195 1264 age·

211 1266 329 1347 rentur
339 1264 479 1366 vigiliae',
500 1282 688 1357 abarbaris,
710 1303 753 1345 ex
767 1285 891 1366 oppido
903 1301 1006 1349 noctu
1017 1286 1195 1370 eruptione

210 1387 312 1466 facts,
333 1386 370 1450 in
391 1389 603 1451 tabernaculo
625 1387 817 1451 interfectus
837 1402 896 1450 est.

238 1585 333 1618 meam
348 1572 441 1619 animi
456 1563 639 1638 oeqraitatem]
673 1567 786 1631 Meam,
802 1565 880 1619 nicht
890 1542 955 1631 sirei,
972 1565 1021 1619 het
1035 1544 1190 1622 dielieeten

150 1649 370 1705 Handechristeu
392 1652 438 1705 snr
459 1655 534 1718 sich,
558 1651 616 1704 und
631 1652 681 1705 der
696 1652 853 1723 Gegeneats
869 1650 939 1705 wicel
954 1667 1075 1721 genaucr
1090 1657 1142 1705 mir
1158 1662 1190 1704 et

152 1746 305 1791 vestram
322 1741 518 1791 voluntatem.

238 1832 375 1905 propria]
419 1831 610 1906 Dareerlrast,
637 1831 702 1885 weil
727 1831 777 1885 cler
792 1835 885 1886 neuin
904 1830 1018 1898 descen,
1034 1850 1092 1887 ιιιι
1111 1838 1189 1889 mein

149 1918 322 1988 Elgenthum
338 1923 393 1985 ist,
413 1936 443 1972 ιο
465 1918 548 1989 lenge
562 1918 676 1987 desert,
694 1917 736 1972 cle
758 1919 804 1973 ich
818 1919 867 1973 dec
882 1920 1052 1989 Bigenrhum
1063 1921 1191 1973 besirceu

150 2003 221 2061 will.
255 2004 321 2074 Vgl.
336 2005 462 2078 Lysand.
480 2007 508 2071 1,
525 2016 552 2070 5.

185 2154 215 2210 5.
240 2145 300 2198 Illa
317 2148 411 2212 igitur
436 2142 558 2211 corona]
593 2145 695 2210 Igitur
710 2150 784 2216 zeigt
802 2164 855 2213 ιιι,
877 2145 937 2199 dare
957 2148 1105 2203 Cornelius
1120 2149 1192 2198 wie-

149 2227 202 2284 der
215 2234 245 2281 in
262 2233 353 2282 reiner
371 2227 557 2296 eigenrlichen
578 2229 713 2295 Materte,
739 2231 845 2283 welche
864 2224 953 2286 durch
963 2232 1188 2301 ΙἀίειἸΞιιίἰΙιΙιιιις

150 2330 208 2366 von
223 2314 346 2366 Pittacus
361 2310 567 2364 unterbrochen
578 2311 690 2375 wurde,
709 2312 855 2368 sorrsahre.
890 2317 990 2369 chn
1003 2336 1069 2371 man
1081 2335 1109 2369 es
1123 2333 1196 2367 um·.
1212 2338 1216 2344 ·

150 2396 296 2448 cchrelben
320 2395 429 2459 wollte,
463 2411 493 2447 so
516 2393 619 2448 mutere
640 2414 706 2449 men
730 2413 832 2463 engen:
867 2407 900 2450 ut
918 2398 959 2450 ad
979 2419 1039 2453 rem
1061 2400 1187 2456 redeam.
1265 2438 1268 2443 -

147 2484 244 2555 Pelop.
259 2488 302 2559 11,
317 2496 347 2553 5.
381 2487 460 2542 Eben
478 2503 509 2540 ιο
525 2486 644 2540 brrucht
661 2488 732 2541 such
749 2473 800 2544 dei
816 2492 936 2549 Gricehe
957 2482 1016 2551 ivr.

475 2764 851 2788 ——u—
