2722 4838
277 353 358 415 11⁷.
379 349 627 433 Epaminondas.
667 349 754 431 cap..
769 350 814 413 V.
838 348 909 414 VI·
1060 368 1119 431 199
1189 404 1193 417 ·

70 505 101 568 3.
132 503 272 587 ingenii.
312 505 364 571 Is.
386 501 478 583 quod
499 499 536 562 in
557 519 591 560 re
616 495 756 562 militari
774 501 890 563 florere
910 499 1120 583 Epaminon·
1159 582 1165 593 ι

129 612 207 671 dom
234 608 386 681 videbat,
421 606 545 667 hortari
571 606 698 666 solebat
718 601 916 679 Thebanos,
950 621 983 666 ue
1010 627 1120 687 pacern

131 716 208 775 bello
230 713 431 794 anteferrem,
460 730 503 771 ne
525 710 619 770 illius
641 708 849 789 imperatoris
873 730 971 791 opera
992 711 1119 773 deside·

128 835 265 881 rotetur.
317 816 414 878 Huic
434 815 510 889 ille,
537 814 640 895 fallis.
674 811 805 891 inquit,
829 813 916 873 verbo
938 817 1117 888 siracusas,

131 925 215 1003 quod
242 925 299 984 lias
319 944 338 982 a
362 923 440 982 bello
461 939 592 991 avocas3
624 921 680 977 atii
702 921 784 977 enim
806 920 926 977 nomine
945 923 1118 980 servitutem
1224 946 1226 951 ·

69 1048 100 1108 4.
132 1030 290 1089 concilias.
330 1027 421 1088 Nam
441 1029 562 1106 paritur
581 1044 647 1104 pan
667 1023 756 1082 bello.
798 1023 916 1101 Imque
936 1025 1120 1102 quieaeiiu·

133 1138 195 1194 tina
221 1136 324 1193 volunt
336 1132 425 1214 frui,
449 1130 526 1191 bello
551 1130 712 1188 exercitati
734 1146 795 1187 esse
818 1127 934 1188 debent.
973 1127 1079 1214 Quare
1093 1131 1120 1187 si

129 1241 278 1316 principes
297 1237 424 1297 Gracia
443 1255 503 1297 esse
527 1236 635 1307 auleis,
659 1236 767 1294 castris
791 1233 936 1294 cessabis
959 1233 1120 1308 utendum,

72 1347 102 1404 5.
132 1362 193 1402 non
211 1342 362 1422 palestra.
402 1342 499 1404 Idem
522 1341 581 1401 ille
601 1338 809 1401 Meneclides
830 1358 940 1417 quum
961 1336 1043 1398 huic
1066 1338 1123 1398 ob·

132 1445 263 1528 jiceret‚
283 1447 368 1528 quod
390 1446 501 1508 liberos
519 1467 580 1507 non
600 1447 740 1520 liaberet,
761 1466 857 1526 nepae
872 1465 1002 1506 uxorem
1017 1447 1120 1506 dunis·
1216 1479 1221 1499 .

132 1567 196 1623 seu
227 1555 424 1632 maximeque
444 1553 655 1626 insolentiam,
688 1553 773 1632 qnod
791 1552 849 1612 sibi
869 1544 1119 1630 Agamemnonis

131 1657 201 1718 belli
218 1659 355 1737 gloriam
376 1659 526 1717 videretur
548 1672 740 1717 conscensus:
764 1671 810 1729 at,
834 1657 909 1730 ille,
931 1658 1046 1732 desine,
1069 1656 1119 1717 in·

130 1762 229 1842 quit,
250 1764 448 1836 Meneclides,
470 1763 505 1822 cle
527 1783 625 1822 umore
647 1762 722 1821 milii
742 1762 945 1842 exprobrare.-
968 1781 1041 1820 nam
1055 1761 1120 1820 nul·

130 1868 189 1927 lires
210 1871 242 1927 in
265 1870 322 1928 ista
345 1888 376 1926 re
398 1871 498 1927 minus
516 1873 561 1927 ιιιὶ
582 1868 708 1927 consilio
730 1868 809 1926 volo.
849 1866 1005 1925 Habebat
1025 1865 1119 1925 enim

70 1973 101 2033 6.
131 1972 343 2033 Meneclidas
364 1971 592 2053 suspicionem
612 1971 781 2032 adulterii.
830 1972 925 2059 Quod
948 1984 1051 2029 autern
1073 1989 1121 2029 me

131 2076 405 2156 Agamemnonem
423 2079 563 2137 emulari
583 2092 691 2158 putas,
712 2076 847 2159 falleris,
899 2076 1049 2173 Nonpqne
1070 2075 1121 2134 ille

91 2226 96 2240 .
136 2200 207 2240 cum
234 2183 373 2240 universa
399 2181 522 2241 Gracia
548 2185 600 2243 vix
627 2184 729 2242 decem
751 2184 839 2239 annis
861 2199 955 2239 uriom
978 2181 1053 2259 cepit
1073 2199 1120 2237 eer-

134 2285 220 2355 hena
243 2305 299 2363 ega
324 2300 429 2346 contra
453 2307 493 2346 en
516 2308 577 2347 una
593 2287 666 2347 urbe
687 2301 789 2346 nostra
811 2286 919 2364 dieque
940 2305 1000 2345 uno
1023 2297 1121 2345 iotam

132 2388 308 2465 Gracina,
329 2391 718 2473 Lacedomaniisjngaris,
740 2392 876 2452 liberavi.

476 2587 588 2657 Ωιι).
641 2588 702 2658 VI.

71 2746 100 2789 1.
129 2728 226 2790 Idem
252 2749 362 2811 quum
385 2728 421 2792 in
442 2744 651 2794 conventum
675 2733 820 2793 venisset
841 2730 1031 2805 Arcadum,
1062 2751 1115 2811 pe·

71 2903 141 2957 Man
160 2904 306 2969 bcmerke,
325 2906 387 2958 dals
407 2913 441 2957 nt
460 2911 490 2957 in
510 2907 624 2958 salchen
639 2906 734 2957 Fillen
748 2907 873 2973 grossien
886 2905 982 2956 Theils
995 2908 1116 2971 anselm,

67 2986 114 3040 die
136 2991 222 3043 Sache
241 3008 289 3060 eey
308 3010 365 3042 nur
386 2991 496 3040 relatio
516 2989 608 3056 grass,
628 2993 657 3038 in
679 2990 830 3040 Riiclcsiche
847 2987 899 3038 auf
914 2986 959 3037 die
980 2989 1116 3056 Gattung

68 3090 124 3125 von
148 3076 291 3128 Personen
309 3073 378 3124 oder
395 3071 520 3134 Saliene,
541 3089 596 3121 von
615 3070 735 3121 welches
754 3071 798 3121 die
818 3070 890 3122 Rode
909 3075 954 3124 ist.
991 3075 1036 3125 Διι
1055 3072 1115 3126 und

71 3156 119 3209 fiir
138 3160 197 3211 sicli
215 3158 371 3210 betraclitet
390 3157 465 3206 kann
486 3161 525 3207 sie
548 3156 621 3207 noch
647 3149 841 3223 mittelmiileig'
859 3155 927 3209 oder
950 3173 1001 3226 gar
1024 3159 1116 3211 unbe-

70 3240 194 3294 ‹leutend
212 3260 291 3314 eeyn.
329 3241 400 3295 Sehs
418 3239 506 3292 eelsen
525 3242 598 3294 steht
617 3259 645 3293 cs
658 3245 688 3293 in
701 3245 791 3293 ciuem
804 3240 911 3294 andern
923 3243 1020 3295 Sinus.
1054 3245 1115 3294 Ae-

72 3344 149 3391 sicus
166 3341 195 3403 1,
214 3359 240 3393 a.
285 3339 364 3393 Eben
384 3356 415 3391 so
433 3337 483 3393 eles
504 3340 686 3395 Griechisclie
711 3329 754 3395 ὥς.
797 3337 980 3410 Seiiaeferzn
998 3340 1116 3408 Longus

65 3440 132 3497 pag.
151 3432 213 3492 428.
231 3424 251 3478 l.

105 3574 132 3630 5.
160 3573 209 3632 ae,
223 3553 293 3630 ιιι,
312 3563 424 3630 resine,
444 3566 553 3636 inquis]
588 3567 669 3621 sia..
688 3586 723 3620 zu
739 3567 846 3636 ιριιιι.
866 3568 924 3632 ιιι,
942 3575 970 3634 l·

104 3706 131 3760 6.
161 3723 198 3757 ex
218 3723 276 3756 rena
295 3704 364 3756 urbe
382 3706 502 3776 nostra]
537 3710 561 3762 l.
575 3726 599 3761 e.
615 3727 670 3776 per
683 3725 772 3759 unam
783 3718 916 3760 nostram
928 3706 1041 3770 arbem,
1060 3725 1113 3775 ope

69 3797 155 3843 unius
164 3799 273 3842 nostrae
287 3790 374 3844 urbis.
411 3791 564 3861 Uelirigens
578 3798 666 3846 meins
678 3813 708 3846 er
720 3793 764 3846 die
778 3793 958 3847 Leuctriselee
972 3791 1113 3860 Scblacht‚

68 3882 99 3929 in
117 3876 237 3928 welches
248 3875 292 3928 die
304 3874 527 3932 Lacedaemonier
538 3878 678 3933 durchaus
695 3879 862 3950 geschlagen
877 3878 1003 3933 wurden.
1039 3879 1110 3935 Men

69 3964 135 4016 selle
154 3961 265 4030 Agesil.
283 3963 333 4015 Vl.

102 4104 153 4158 vl.
191 4122 215 4156 ι.
232 4100 315 4158 Idem
333 4120 419 4175 quiens
437 4101 506 4174 ceo]
540 4103 690 4161 Entweeler
707 4104 756 4160 hee
776 4105 924 4162 Cornelius
941 4106 996 4163 den
1013 4107 1113 4165 Nach-
