2722 4838
158 365 197 434 td
445 365 484 432 1.
502 367 673 431 Miltiades.
714 305 792 452 disp.
814 366 912 433 VII.

220 517 342 583 tinenti
361 517 478 595 lucus,
508 519 569 603 qui
590 539 633 605 ex
651 518 763 583 insula
781 514 1061 602 conspiciebatur,
1085 520 1200 584 nescio

216 646 286 707 quo
309 643 402 698 casu,
439 641 604 687 nocturno
627 639 774 708 tempore
796 625 952 688 incensus
978 641 1036 687 est.
1092 625 1198 706 Cujus

214 731 350 794 flamma
373 724 412 792 ut
431 731 471 790 ab
495 729 671 812 oppidanis
690 743 723 793 et
741 731 1025 817 oppugnatoribus
1045 746 1092 793 est
1111 732 1200 801 visa,

215 816 367 916 utrisque
386 835 483 897 venit
508 835 544 896 in
565 835 783 918 opinionem,
821 836 956 918 signum
986 835 1199 898 aclassiariis

155 948 189 1022 ’4.
216 939 331 1023 Regiis
351 939 477 1001 datum.
520 938 600 1025 Quo
619 938 745 1002 facturn
766 956 831 1015 est,
851 957 889 1003 ut
910 957 942 1004 et
962 941 1053 1003 Parii
1071 962 1089 1001 a
1110 939 1199 1002 dedi·

214 1045 307 1107 tione
328 1045 584 1119 deterrerentur,
612 1060 645 1107 et
662 1044 850 1122 Miltiades,
884 1047 1005 1109 timens
1023 1067 1065 1119 ne
1088 1046 1199 1107 elassis

214 1153 321 1237 Regia
342 1154 553 1227 adventaret,
580 1151 727 1216 incensis
748 1151 903 1233 operibus
928 1171 1003 1232 quae
1024 1166 1199 1226 statuerat,

211 1279 293 1322 oum
315 1258 453 1321 totidem
471 1257 633 1335 navibus,
662 1274 763 1343 atque
784 1274 851 1321 erat
871 1259 1056 1340 proiectus,
1086 1259 1194 1321 Athe·

214 1383 274 1426 nas
294 1381 413 1446 magna
433 1381 511 1423 cum
532 1360 721 1426 offensione
741 1356 870 1426 civium
896 1384 1035 1426 suorum
1064 1364 1196 1426 rediret.

155 1466 185 1533 5.
210 1469 401 1531 Accusatus
417 1488 491 1551 ergo
508 1467 724 1550 proditionis,
746 1471 856 1550 quod,
878 1491 984 1550 quum
1001 1472 1126 1532 Parum
1142 1491 1198 1531 ex-

216 1593 364 1657 pugnare
385 1588 508 1655 posset,
538 1593 557 1633 a
577 1593 650 1656 rege
671 1589 842 1656 corruptus
864 1575 995 1636 iniectis
1017 1578 1114 1637 rebus
1134 1576 1197 1638 dis·

212 1676 368 1743 cessisset.
406 1679 459 1746 Eo
480 1693 627 1764 tempore
649 1696 731 1762 aeger
751 1692 819 1742 erat
831 1680 1045 1757 vulneribus,
1067 1701 1142 1761 quae
1156 1682 1194 1745 in

241 1871 371 1939 utrisque
387 1872 465 1923 venit
482 1873 510 1919 in
530 1865 709 1937 opinionem]
745 1866 878 1923 Gensuer
889 1868 1052 1921 untersueht
1066 1872 1103 1921 ist
1117 1865 1194 1920 disse

134 1952 266 2007 Manios
284 1953 343 2007 sich
363 1954 575 2008 eutzudrirclren
597 1956 750 2024 unrichtig.
801 1955 908 2023 optato
922 1954 1015 2006 'beifst
1033 1955 1194 2021 Meimmg,

154 2037 299 2093 Gedanite.
332 2038 402 2094 Noti
421 2043 610 2113 kenueinem
630 2039 723 2093 niohts
741 2045 772 2093 in
791 2039 845 2092 deu
869 2038 1023 2093 Gedaniren
1049 2042 1195 2102 tommen,

154 2122 278 2177 eundern
295 2123 346 2179 det·
363 2122 501 2178 Gedanlre'
516 2126 627 2177 kommt
647 2142 701 2176 uns
727 2131 757 2176 in
777 2123 833 2178 den
852 2128 934 2181 Sion.
983 2126 1089 2196 Opinio
1116 2129 1195 2176 venit

152 2213 183 2259 in
202 2217 334 2261 mentem.
380 2209 475 2262 Iudeis
503 2207 577 2259 muse
604 2224 671 2259 nnn
689 2208 743 2277 bey
768 2209 846 2276 jener
866 2211 1025 2263 Redensart·
1046 2214 1141 2280 opinio
1164 2213 1194 2261 iu

153 2296 230 2344 einer
241 2291 465 2360 surgedehntern
475 2290 640 2358 Bedeutung
650 2292 787 2353 nehmsn,
807 2293 864 2345 und
876 2295 1009 2347 darunter
1022 2295 1074 2346 deu
1090 2311 1196 2363 ganzen

151 2373 317 2429 Ideenkrsis
337 2374 493 2427 verstehen.
530 2374 678 2428 Cornelius
698 2375 800 2428 drucirt
819 2377 878 2428 sich
899 2382 972 2439 noch
993 2386 1039 2434 ein
1063 2381 1143 2433 Mahl
1163 2396 1195 2431 so

152 2476 221 2524 uus,
252 2462 371 2512 Atticus
387 2461 444 2523 IX,
468 2470 495 2523 5.
541 2460 661 2511 Nemini
687 2465 717 2511 in
742 2466 903 2527 opinionem
926 2466 1067 2518 veniebat.
1115 2466 1194 2517 Ebeu

153 2562 185 2598 so
205 2546 349 2614 unrichtig
367 2548 404 2597 ist
421 2545 548 2598 Petason.
568 2547 623 2609 IV,
643 2565 668 2598 r.
694 2551 720 2596 ei
747 2551 778 2598 in
805 2549 997 2613 suspicionem
1024 2554 1101 2598 venit
1127 2563 1196 2603 mit

151 2635 275 2699 suspicio
294 2636 320 2683 ei
338 2636 416 2684 senii
433 2630 477 2698 (in
496 2631 642 2703 mentem).

186 2782 213 2841 4.
243 2789 306 2824 eum
325 2769 448 2824 totidem
464 2770 601 2842 navibus]
636 2772 811 2842 Ungesehtet
830 2770 973 2825 Miltiades
997 2773 1099 2824 keinen
1120 2775 1195 2828 Ver·

150 2856 210 2913 lust
228 2858 340 2913 erliuen
357 2858 449 2924 hatte,
467 2875 498 2912 so
515 2857 625 2911 rnechte
641 2857 713 2913 doch
735 2858 786 2912 das
807 2857 1038 2912 Nichterreiehen
1052 2857 1100 2911 des
1113 2860 1195 2913 Zwe·

151 2946 217 2997 ekes
237 2949 319 2999 einen
338 2961 369 2997 so
389 2944 555 2998 sohlimmen
575 2943 720 2998 Eindruck
741 2944 792 2998 ruf
806 2945 851 2997 die
866 2942 1021 3012 unbiliigsn
1037 2944 1195 2999 Athenien-

153 3046 214 3094 ser,
231 3028 292 3082 dats
310 3048 340 3082 er
357 3030 472 3098 gestraft
488 3029 601 3097 wurde,
620 3031 662 3085 als
680 3031 716 3084 ob
734 3051 764 3085 er
780 3031 848 3084 alies
870 3029 997 3082 verioren
1017 3030 1108 3094 hitto,
1128 3032 1193 3084 weil

151 3112 217 3168 dem
238 3115 452 3185 iibermt‘rtlrigsn
469 3117 560 3169 Volke
579 3118 645 3188 jetzt
666 3118 758 3171 niehts
784 3136 818 3170 zu
840 3114 915 3189 grois
944 3117 1055 3179 schien,
1084 3113 1141 3166 und
1162 3133 1192 3169 es

151 3199 197 3255 die
217 3199 407 3253 menschliche
428 3202 577 3255 Schwiiehe
596 3209 688 3256 seiner
706 3203 792 3256 selbst
810 3201 868 3254 und
885 3198 1189 3254 seiuerBesehlshaber

151 3287 230 3341 nicht
247 3290 277 3339 in
291 3285 444 3358 Rechnung
456 3288 574 3355 bringen
585 3288 689 3342 wolite.
725 3289 795 3341 Mau
811 3286 968 3357 vergleicbe
983 3286 1128 3343 Alcibiad.
1142 3290 1191 3342 vt.

185 3437 212 3490 5.
240 3426 362 3500 infectis
387 3428 470 3480 rebus
492 3424 683 3496 discessisset]
718 3420 904 3480 Gewo'h‘nlich
923 3426 1040 3481 standen
1060 3429 1132 3480 noch
1144 3425 1189 3480 die

150 3510 256 3566 Worte
282 3531 300 3564 a
315 3531 418 3583 pugna
446 3532 497 3566 vor
520 3515 705 3567 discessisset.
753 3511 848 3566 Allein
876 3512 912 3566 do
937 3519 977 3566 sie
1003 3520 1033 3567 in
1058 3510 1190 3566 mehrern

149 3597 370 3653 Hsndsohriften
384 3589 494 3664 sehlsn,
514 3614 546 3651 so
560 3599 630 3652 habe
642 3597 686 3650 ich
703 3603 758 3664 sie,
776 3603 829 3651 mit
840 3604 951 3672 einigen
965 3598 1189 3668 Herausgsbsrn,
1211 3649 1214 3657 ,

149 3683 223 3736 ohne
242 3681 390 3738 Bedenken
408 3685 628 3753 ausgestrichen.
664 3685 701 3736 Es
719 3689 756 3736 ist
771 3685 904 3754 nirgends
921 3704 974 3737 von
991 3690 1082 3739 einem
1098 3680 1190 3755 Tres-

143 3766 219 3839 fen,
240 3768 360 3823 sondern
379 3776 480 3844 immet
500 3788 554 3822 nur
575 3786 630 3821 von
651 3773 727 3821 einer
744 3770 930 3839 Belagerung
948 3771 993 3824 die
1011 3770 1102 3830 idedu
1129 3768 1189 3821 und

150 3871 232 3904 wenn
253 3854 339 3906 sehon
354 3855 399 3908 dis
418 3854 560 3908 Vocabula
578 3855 723 3923 simplicia
742 3853 828 3908 disere
846 3856 891 3910 tur
905 3855 950 3909 die
966 3860 1125 3924 composita
1141 3870 1191 3924 ge-

34 3943 42 3965 ·
150 3952 220 3989 setzt
233 3938 360 4004 werden,
380 3958 411 3993 so
426 3943 502 3996 kann
519 3940 591 3993 doch
606 3956 708 4008 pugne
726 3940 796 3993 eben
816 3959 846 3993 so
864 3946 957 4011 wenig
975 3942 1020 3994 sits
1037 3954 1191 4008 oppugna-

149 4028 192 4077 tio
214 4022 326 4087 stehen,
345 4024 386 4077 als
403 4043 537 4093 pragnore
556 4023 603 4076 sur
625 4042 812 4094 oppugnare..
838 4029 908 4082 Mon
927 4024 1002 4079 muse
1023 4023 1081 4076 sich
1105 4021 1189 4073 uber-

151 4106 240 4180 haupt
273 4111 321 4161 nie
349 4113 400 4163 urit
432 4115 510 4164 einer
545 4109 724 4182 Bemerkuug
757 4111 875 4182 helien,
916 4110 1022 4166 welche
1055 4124 1128 4161 rttsr
1157 4110 1187 4161 in
