<?xml version="1.0" encoding="UTF-8"?>
<!DOCTYPE html PUBLIC "-//W3C//DTD XHTML 1.0 Transitional//EN"
    "http://www.w3.org/TR/xhtml1/DTD/xhtml1-transitional.dtd">
<html xmlns="http://www.w3.org/1999/xhtml" xml:lang="en" lang="en">
 <head>
  <title>
</title>
<meta http-equiv="Content-Type" content="text/html;charset=utf-8" />
  <meta name='ocr-system' content='tesseract 3.04.00' />
  <meta name='ocr-capabilities' content='ocr_page ocr_carea ocr_par ocr_line ocrx_word'/>
</head>
<body>
  <div class='ocr_page' id='page_1' title='image "./devitaexcellent00bremgoog/devitaexcellent00bremgoog_0250.png"; bbox 0 0 2722 4838; ppageno 0'>
   <div class='ocr_carea' id='block_1_1' title="bbox 303 290 1087 377">
    <p class='ocr_par' dir='ltr' id='par_1_1' title="bbox 303 290 1087 377">
     <span class='ocr_line' id='line_1_1' title="bbox 303 290 1087 377; baseline 0.019 -33"><span class='ocrx_word' id='word_1_1' title='bbox 303 293 360 360; x_wconf 71' lang='lat'>255</span> <span class='ocrx_word' id='word_1_2' title='bbox 562 290 720 354; x_wconf 84' lang='lat' dir='ltr'><strong><em>XVIII.</em></strong></span> <span class='ocrx_word' id='word_1_3' title='bbox 738 295 904 355; x_wconf 78' lang='lat' dir='ltr'><strong><em>Eumenes.</em></strong></span> <span class='ocrx_word' id='word_1_4' title='bbox 944 295 1022 377; x_wconf 82' lang='lat' dir='ltr'>Cap.</span> <span class='ocrx_word' id='word_1_5' title='bbox 1042 296 1087 359; x_wconf 83' lang='lat' dir='ltr'>X.</span> 
     </span>
    </p>
   </div>
   <div class='ocr_carea' id='block_1_2' title="bbox 281 442 1358 2101">
    <p class='ocr_par' dir='ltr' id='par_1_2' title="bbox 361 442 1358 532">
     <span class='ocr_line' id='line_1_2' title="bbox 361 442 1358 532; baseline 0.017 -28"><span class='ocrx_word' id='word_1_6' title='bbox 361 463 469 523; x_wconf 91' lang='lat' dir='ltr'>quum</span> <span class='ocrx_word' id='word_1_7' title='bbox 488 442 638 524; x_wconf 73' lang='lat' dir='ltr'>superior</span> <span class='ocrx_word' id='word_1_8' title='bbox 656 442 773 523; x_wconf 82' lang='lat' dir='ltr'>proelio</span> <span class='ocrx_word' id='word_1_9' title='bbox 790 443 1003 520; x_wconf 84' lang='lat' dir='ltr'>discessisset,</span> <span class='ocrx_word' id='word_1_10' title='bbox 1024 447 1206 532; x_wconf 80' lang='lat' dir='ltr'>Antigono</span> <span class='ocrx_word' id='word_1_11' title='bbox 1227 470 1283 519; x_wconf 82' lang='lat' dir='ltr'>est</span> <span class='ocrx_word' id='word_1_12' title='bbox 1304 459 1358 521; x_wconf 86' lang='lat' dir='ltr'>de·</span> 
     </span>
    </p>

    <p class='ocr_par' dir='ltr' id='par_1_3' title="bbox 324 546 1356 644">
     <span class='ocr_line' id='line_1_3' title="bbox 324 546 1356 644; baseline 0.016 -36"><span class='ocrx_word' id='word_1_13' title='bbox 324 574 329 583; x_wconf 66' lang='lat'><strong><em>¹</em></strong></span> <span class='ocrx_word' id='word_1_14' title='bbox 359 548 465 617; x_wconf 87' lang='lat' dir='ltr'>ditus,</span> <span class='ocrx_word' id='word_1_15' title='bbox 487 567 595 628; x_wconf 91' lang='lat' dir='ltr'>quum</span> <span class='ocrx_word' id='word_1_16' title='bbox 616 546 780 610; x_wconf 87' lang='lat' dir='ltr'>exercitus</span> <span class='ocrx_word' id='word_1_17' title='bbox 800 549 832 610; x_wconf 92' lang='lat' dir='ltr'>ei</span> <span class='ocrx_word' id='word_1_18' title='bbox 852 562 900 610; x_wconf 89' lang='lat' dir='ltr'>ter</span> <span class='ocrx_word' id='word_1_19' title='bbox 920 567 1014 624; x_wconf 90' lang='lat' dir='ltr'>ante,</span> <span class='ocrx_word' id='word_1_20' title='bbox 1044 557 1200 635; x_wconf 82' lang='lat' dir='ltr'>separatis</span> <span class='ocrx_word' id='word_1_21' title='bbox 1224 574 1356 644; x_wconf 83' lang='lat' dir='ltr'>tempo</span> 
     </span>
    </p>

    <p class='ocr_par' dir='ltr' id='par_1_4' title="bbox 358 649 1356 746">
     <span class='ocr_line' id='line_1_4' title="bbox 358 649 1356 746; baseline 0.019 -35"><span class='ocrx_word' id='word_1_22' title='bbox 358 653 466 720; x_wconf 87' lang='lat' dir='ltr'>ribus,</span> <span class='ocrx_word' id='word_1_23' title='bbox 488 649 642 731; x_wconf 86' lang='lat' dir='ltr'>jurasset,</span> <span class='ocrx_word' id='word_1_24' title='bbox 670 670 706 715; x_wconf 84' lang='lat' dir='ltr'>se</span> <span class='ocrx_word' id='word_1_25' title='bbox 729 672 809 714; x_wconf 82' lang='lat' dir='ltr'>eum</span> <span class='ocrx_word' id='word_1_26' title='bbox 831 652 1064 731; x_wconf 87' lang='lat' dir='ltr'>defensurum,</span> <span class='ocrx_word' id='word_1_27' title='bbox 1094 680 1155 721; x_wconf 87' lang='lat' dir='ltr'>nec</span> <span class='ocrx_word' id='word_1_28' title='bbox 1178 682 1356 746; x_wconf 85' lang='lat' dir='ltr'>umquam</span> 
     </span>
    </p>

    <p class='ocr_par' dir='ltr' id='par_1_5' title="bbox 359 755 1352 833">
     <span class='ocr_line' id='line_1_5' title="bbox 359 755 1352 833; baseline 0.017 -17"><span class='ocrx_word' id='word_1_29' title='bbox 359 755 579 818; x_wconf 87' lang='lat' dir='ltr'>deserturum.</span> <span class='ocrx_word' id='word_1_30' title='bbox 631 755 694 818; x_wconf 85' lang='lat' dir='ltr'>Sed</span> <span class='ocrx_word' id='word_1_31' title='bbox 725 769 814 818; x_wconf 84' lang='lat' dir='ltr'>tanta</span> <span class='ocrx_word' id='word_1_32' title='bbox 835 758 903 820; x_wconf 86' lang='lat' dir='ltr'>fuit</span> <span class='ocrx_word' id='word_1_33' title='bbox 930 763 1178 825; x_wconf 87' lang='lat' dir='ltr'>nonnullorum</span> <span class='ocrx_word' id='word_1_34' title='bbox 1211 770 1352 833; x_wconf 82' lang='lat' dir='ltr'>virtutis</span> 
     </span>
    </p>

    <p class='ocr_par' dir='ltr' id='par_1_6' title="bbox 356 860 1348 950">
     <span class='ocr_line' id='line_1_6' title="bbox 356 860 1348 950; baseline 0.018 -29"><span class='ocrx_word' id='word_1_35' title='bbox 356 860 567 934; x_wconf 82' lang='lat' dir='ltr'>obtrectatio,</span> <span class='ocrx_word' id='word_1_36' title='bbox 595 873 635 921; x_wconf 87' lang='lat' dir='ltr'>ut</span> <span class='ocrx_word' id='word_1_37' title='bbox 656 861 757 923; x_wconf 87' lang='lat' dir='ltr'>fidem</span> <span class='ocrx_word' id='word_1_38' title='bbox 779 863 930 926; x_wconf 87' lang='lat' dir='ltr'>amittere</span> <span class='ocrx_word' id='word_1_39' title='bbox 950 868 1106 941; x_wconf 84' lang='lat' dir='ltr'>mallent,</span> <span class='ocrx_word' id='word_1_40' title='bbox 1137 890 1241 950; x_wconf 80' lang='lat' dir='ltr'>quam</span> <span class='ocrx_word' id='word_1_41' title='bbox 1263 896 1348 938; x_wconf 87' lang='lat' dir='ltr'>eum</span> 
     </span>
    </p>

    <p class='ocr_par' dir='ltr' id='par_1_7' title="bbox 296 963 1344 1055">
     <span class='ocr_line' id='line_1_7' title="bbox 296 963 1344 1055; baseline 0.013 -26"><span class='ocrx_word' id='word_1_42' title='bbox 296 963 328 1029; x_wconf 83' lang='grc'>3.</span> <span class='ocrx_word' id='word_1_43' title='bbox 356 985 428 1026; x_wconf 91' lang='lat' dir='ltr'>non</span> <span class='ocrx_word' id='word_1_44' title='bbox 450 964 606 1047; x_wconf 81' lang='lat' dir='ltr'>prodere.</span> <span class='ocrx_word' id='word_1_45' title='bbox 655 966 774 1046; x_wconf 87' lang='lat' dir='ltr'>Atque</span> <span class='ocrx_word' id='word_1_46' title='bbox 801 967 896 1030; x_wconf 85' lang='lat' dir='ltr'>hunc</span> <span class='ocrx_word' id='word_1_47' title='bbox 925 970 1136 1055; x_wconf 86' lang='lat' dir='ltr'>Antigonus,</span> <span class='ocrx_word' id='word_1_48' title='bbox 1173 997 1282 1055; x_wconf 87' lang='lat' dir='ltr'>quum</span> <span class='ocrx_word' id='word_1_49' title='bbox 1309 982 1344 1043; x_wconf 89' lang='lat' dir='ltr'>ei</span> 
     </span>
    </p>

    <p class='ocr_par' dir='ltr' id='par_1_8' title="bbox 355 1068 1341 1160">
     <span class='ocr_line' id='line_1_8' title="bbox 355 1068 1341 1160; baseline 0.014 -29"><span class='ocrx_word' id='word_1_50' title='bbox 355 1069 472 1131; x_wconf 85' lang='lat' dir='ltr'>fuisset</span> <span class='ocrx_word' id='word_1_51' title='bbox 491 1068 741 1144; x_wconf 86' lang='lat' dir='ltr'>infestissimus,</span> <span class='ocrx_word' id='word_1_52' title='bbox 770 1091 1008 1152; x_wconf 81' lang='lat' dir='ltr'>conservasset,</span> <span class='ocrx_word' id='word_1_53' title='bbox 1034 1078 1062 1138; x_wconf 88' lang='lat' dir='ltr'>si</span> <span class='ocrx_word' id='word_1_54' title='bbox 1083 1098 1142 1160; x_wconf 88' lang='lat' dir='ltr'>per</span> <span class='ocrx_word' id='word_1_55' title='bbox 1160 1099 1232 1141; x_wconf 88' lang='lat' dir='ltr'>suos</span> <span class='ocrx_word' id='word_1_56' title='bbox 1251 1099 1341 1146; x_wconf 82' lang='lat' dir='ltr'>esset</span> 
     </span>
    </p>

    <p class='ocr_par' dir='ltr' id='par_1_9' title="bbox 302 1168 1334 1265">
     <span class='ocr_line' id='line_1_9' title="bbox 302 1168 1334 1265; baseline 0.014 -30"><span class='ocrx_word' id='word_1_57' title='bbox 302 1168 308 1179; x_wconf 81' lang='grc'><strong>’</strong></span> <span class='ocrx_word' id='word_1_58' title='bbox 355 1174 508 1250; x_wconf 89' lang='lat' dir='ltr'>licitum,</span> <span class='ocrx_word' id='word_1_59' title='bbox 529 1175 621 1255; x_wconf 91' lang='lat' dir='ltr'>quod</span> <span class='ocrx_word' id='word_1_60' title='bbox 634 1177 675 1235; x_wconf 90' lang='lat' dir='ltr'>ab</span> <span class='ocrx_word' id='word_1_61' title='bbox 696 1176 796 1238; x_wconf 90' lang='lat' dir='ltr'>nullo</span> <span class='ocrx_word' id='word_1_62' title='bbox 815 1197 851 1238; x_wconf 86' lang='lat' dir='ltr'>se</span> <span class='ocrx_word' id='word_1_63' title='bbox 869 1180 947 1259; x_wconf 87' lang='lat' dir='ltr'>plus</span> <span class='ocrx_word' id='word_1_64' title='bbox 966 1180 1117 1256; x_wconf 80' lang='lat' dir='ltr'>adiuvari</span> <span class='ocrx_word' id='word_1_65' title='bbox 1135 1205 1227 1265; x_wconf 83' lang='lat' dir='ltr'>posse</span> <span class='ocrx_word' id='word_1_66' title='bbox 1241 1185 1334 1249; x_wconf 84' lang='lat' dir='ltr'>intel·</span> 
     </span>
    </p>

    <p class='ocr_par' dir='ltr' id='par_1_10' title="bbox 281 1278 1334 1371">
     <span class='ocr_line' id='line_1_10' title="bbox 281 1278 1334 1371; baseline 0.019 -37"><span class='ocrx_word' id='word_1_67' title='bbox 281 1328 284 1334; x_wconf 89' lang='lat'>.</span> <span class='ocrx_word' id='word_1_68' title='bbox 355 1279 479 1362; x_wconf 78' lang='lat' dir='ltr'>ligebat</span> <span class='ocrx_word' id='word_1_69' title='bbox 498 1278 536 1340; x_wconf 89' lang='lat' dir='ltr'>in</span> <span class='ocrx_word' id='word_1_70' title='bbox 556 1278 609 1340; x_wconf 83' lang='lat' dir='ltr'>his</span> <span class='ocrx_word' id='word_1_71' title='bbox 630 1282 746 1356; x_wconf 88' lang='lat' dir='ltr'>rebus,</span> <span class='ocrx_word' id='word_1_72' title='bbox 766 1300 848 1363; x_wconf 85' lang='lat' dir='ltr'>quae</span> <span class='ocrx_word' id='word_1_73' title='bbox 868 1281 1062 1364; x_wconf 85' lang='lat' dir='ltr'>impendere</span> <span class='ocrx_word' id='word_1_74' title='bbox 1077 1287 1145 1367; x_wconf 88' lang='lat' dir='ltr'>jam</span> <span class='ocrx_word' id='word_1_75' title='bbox 1164 1296 1334 1371; x_wconf 81' lang='lat' dir='ltr'>apparebat</span> 
     </span>
    </p>

    <p class='ocr_par' dir='ltr' id='par_1_11' title="bbox 355 1383 1339 1472">
     <span class='ocr_line' id='line_1_11' title="bbox 355 1383 1339 1472; baseline 0.015 -28"><span class='ocrx_word' id='word_1_76' title='bbox 355 1383 526 1445; x_wconf 87' lang='lat' dir='ltr'>omnibus.</span> <span class='ocrx_word' id='word_1_77' title='bbox 564 1383 898 1449; x_wconf 86' lang='lat' dir='ltr'>Imminebantenim</span> <span class='ocrx_word' id='word_1_78' title='bbox 910 1388 1086 1463; x_wconf 85' lang='lat' dir='ltr'>Seleucus,</span> <span class='ocrx_word' id='word_1_79' title='bbox 1106 1392 1339 1472; x_wconf 86' lang='lat' dir='ltr'>Lysimachus,</span> 
     </span>
    </p>

    <p class='ocr_par' dir='ltr' id='par_1_12' title="bbox 353 1488 1343 1573">
     <span class='ocr_line' id='line_1_12' title="bbox 353 1488 1343 1573; baseline 0.011 -23"><span class='ocrx_word' id='word_1_80' title='bbox 353 1488 573 1563; x_wconf 85' lang='lat' dir='ltr'>Ptolemaeus,</span> <span class='ocrx_word' id='word_1_81' title='bbox 594 1490 714 1571; x_wconf 90' lang='lat' dir='ltr'>opibus</span> <span class='ocrx_word' id='word_1_82' title='bbox 731 1490 801 1572; x_wconf 87' lang='lat' dir='ltr'>jam</span> <span class='ocrx_word' id='word_1_83' title='bbox 821 1492 984 1554; x_wconf 79' lang='lat' dir='ltr'>valentes:</span> <span class='ocrx_word' id='word_1_84' title='bbox 1005 1515 1082 1554; x_wconf 88' lang='lat' dir='ltr'>cum</span> <span class='ocrx_word' id='word_1_85' title='bbox 1097 1498 1223 1573; x_wconf 88' lang='lat' dir='ltr'>quibus</span> <span class='ocrx_word' id='word_1_86' title='bbox 1246 1503 1281 1564; x_wconf 86' lang='lat' dir='ltr'>ei</span> <span class='ocrx_word' id='word_1_87' title='bbox 1302 1504 1343 1564; x_wconf 91' lang='lat' dir='ltr'>de</span> 
     </span>
    </p>

    <p class='ocr_par' dir='ltr' id='par_1_13' title="bbox 294 1595 1345 1678">
     <span class='ocr_line' id='line_1_13' title="bbox 294 1595 1345 1678; baseline 0.014 -24"><span class='ocrx_word' id='word_1_88' title='bbox 294 1612 325 1674; x_wconf 79' lang='lat'>4.</span> <span class='ocrx_word' id='word_1_89' title='bbox 353 1595 496 1656; x_wconf 86' lang='lat' dir='ltr'>summis</span> <span class='ocrx_word' id='word_1_90' title='bbox 513 1597 611 1656; x_wconf 88' lang='lat' dir='ltr'>rebus</span> <span class='ocrx_word' id='word_1_91' title='bbox 626 1611 693 1657; x_wconf 85' lang='lat' dir='ltr'>erat</span> <span class='ocrx_word' id='word_1_92' title='bbox 707 1597 948 1660; x_wconf 83' lang='lat' dir='ltr'>dimicandum.</span> <span class='ocrx_word' id='word_1_93' title='bbox 988 1598 1051 1659; x_wconf 85' lang='lat' dir='ltr'>Sed</span> <span class='ocrx_word' id='word_1_94' title='bbox 1067 1619 1136 1658; x_wconf 90' lang='lat' dir='ltr'>non</span> <span class='ocrx_word' id='word_1_95' title='bbox 1151 1604 1237 1678; x_wconf 84' lang='lat' dir='ltr'>passi</span> <span class='ocrx_word' id='word_1_96' title='bbox 1255 1620 1345 1668; x_wconf 84' lang='lat' dir='ltr'>sunt</span> 
     </span>
    </p>

    <p class='ocr_par' dir='ltr' id='par_1_14' title="bbox 351 1697 1345 1786">
     <span class='ocr_line' id='line_1_14' title="bbox 351 1697 1345 1786; baseline 0.01 -27"><span class='ocrx_word' id='word_1_97' title='bbox 351 1697 390 1759; x_wconf 89' lang='lat' dir='ltr'>hi</span> <span class='ocrx_word' id='word_1_98' title='bbox 411 1698 472 1778; x_wconf 89' lang='lat' dir='ltr'>qui</span> <span class='ocrx_word' id='word_1_99' title='bbox 490 1699 574 1761; x_wconf 88' lang='lat' dir='ltr'>circa</span> <span class='ocrx_word' id='word_1_100' title='bbox 588 1717 696 1765; x_wconf 86' lang='lat' dir='ltr'>erant:</span> <span class='ocrx_word' id='word_1_101' title='bbox 719 1702 812 1782; x_wconf 91' lang='lat' dir='ltr'>quod</span> <span class='ocrx_word' id='word_1_102' title='bbox 825 1702 999 1776; x_wconf 79' lang='lat' dir='ltr'>videbant,</span> <span class='ocrx_word' id='word_1_103' title='bbox 1019 1702 1172 1764; x_wconf 88' lang='lat' dir='ltr'>Eumene</span> <span class='ocrx_word' id='word_1_104' title='bbox 1189 1724 1345 1786; x_wconf 87' lang='lat' dir='ltr'>recepto,</span> 
     </span>
    </p>

    <p class='ocr_par' dir='ltr' id='par_1_15' title="bbox 354 1805 1341 1893">
     <span class='ocr_line' id='line_1_15' title="bbox 354 1805 1341 1893; baseline 0.008 -29"><span class='ocrx_word' id='word_1_105' title='bbox 354 1823 472 1865; x_wconf 88' lang='lat' dir='ltr'>omnes</span> <span class='ocrx_word' id='word_1_106' title='bbox 490 1824 554 1885; x_wconf 85' lang='lat' dir='ltr'>prae</span> <span class='ocrx_word' id='word_1_107' title='bbox 572 1805 635 1866; x_wconf 93' lang='lat' dir='ltr'>illo</span> <span class='ocrx_word' id='word_1_108' title='bbox 659 1806 754 1887; x_wconf 87' lang='lat' dir='ltr'>parvi</span> <span class='ocrx_word' id='word_1_109' title='bbox 774 1807 914 1869; x_wconf 84' lang='lat' dir='ltr'>futuros.</span> <span class='ocrx_word' id='word_1_110' title='bbox 961 1808 1039 1888; x_wconf 85' lang='lat' dir='ltr'>Ipse</span> <span class='ocrx_word' id='word_1_111' title='bbox 1057 1823 1166 1868; x_wconf 82' lang='lat' dir='ltr'>autem</span> <span class='ocrx_word' id='word_1_112' title='bbox 1188 1808 1341 1893; x_wconf 85' lang='lat' dir='ltr'>Antigo-</span> 
     </span>
    </p>

    <p class='ocr_par' dir='ltr' id='par_1_16' title="bbox 351 1910 1341 2101">
     <span class='ocr_line' id='line_1_16' title="bbox 351 1910 1341 1996; baseline 0.009 -25"><span class='ocrx_word' id='word_1_113' title='bbox 351 1929 418 1971; x_wconf 89' lang='lat' dir='ltr'>nus</span> <span class='ocrx_word' id='word_1_114' title='bbox 437 1910 518 1973; x_wconf 88' lang='lat' dir='ltr'>adeo</span> <span class='ocrx_word' id='word_1_115' title='bbox 538 1925 606 1974; x_wconf 85' lang='lat' dir='ltr'>erat</span> <span class='ocrx_word' id='word_1_116' title='bbox 626 1910 800 1988; x_wconf 89' lang='lat' dir='ltr'>incensus,</span> <span class='ocrx_word' id='word_1_117' title='bbox 820 1926 860 1975; x_wconf 94' lang='lat' dir='ltr'>ut</span> <span class='ocrx_word' id='word_1_118' title='bbox 875 1911 943 1975; x_wconf 83' lang='lat' dir='ltr'>nisi</span> <span class='ocrx_word' id='word_1_119' title='bbox 961 1932 1081 1996; x_wconf 83' lang='lat' dir='ltr'>magna</span> <span class='ocrx_word' id='word_1_120' title='bbox 1098 1932 1155 1994; x_wconf 86' lang='lat' dir='ltr'>spe</span> <span class='ocrx_word' id='word_1_121' title='bbox 1172 1915 1341 1980; x_wconf 81' lang='lat' dir='ltr'>maxima-</span> 
     </span>
     <span class='ocr_line' id='line_1_17' title="bbox 351 2017 912 2101; baseline 0.007 -24"><span class='ocrx_word' id='word_1_122' title='bbox 351 2035 429 2078; x_wconf 87' lang='lat' dir='ltr'>rum</span> <span class='ocrx_word' id='word_1_123' title='bbox 447 2036 558 2079; x_wconf 89' lang='lat' dir='ltr'>rerum</span> <span class='ocrx_word' id='word_1_124' title='bbox 580 2017 681 2080; x_wconf 85' lang='lat' dir='ltr'>leniri</span> <span class='ocrx_word' id='word_1_125' title='bbox 701 2039 772 2082; x_wconf 89' lang='lat' dir='ltr'>non</span> <span class='ocrx_word' id='word_1_126' title='bbox 792 2032 912 2101; x_wconf 88' lang='lat' dir='ltr'>posset.</span> 
     </span>
    </p>
   </div>
   <div class='ocr_carea' id='block_1_3' title="bbox 209 2192 1337 2535">
    <p class='ocr_par' dir='ltr' id='par_1_17' title="bbox 290 2192 1337 2349">
     <span class='ocr_line' id='line_1_18' title="bbox 293 2192 1337 2276; baseline 0.004 -27"><span class='ocrx_word' id='word_1_127' title='bbox 293 2193 368 2249; x_wconf 75' lang='lat' dir='ltr'>steht</span> <span class='ocrx_word' id='word_1_128' title='bbox 385 2195 467 2247; x_wconf 76' lang='lat' dir='ltr'>aniles</span> <span class='ocrx_word' id='word_1_129' title='bbox 483 2195 599 2263; x_wconf 80' lang='lat' dir='ltr'>blaten,</span> <span class='ocrx_word' id='word_1_130' title='bbox 627 2195 686 2250; x_wconf 87' lang='lat' dir='ltr'>und</span> <span class='ocrx_word' id='word_1_131' title='bbox 704 2195 802 2267; x_wconf 71' lang='lat' dir='ltr'>geniis</span> <span class='ocrx_word' id='word_1_132' title='bbox 825 2200 874 2276; x_wconf 74' lang='lat' dir='ltr'>nia</span> <span class='ocrx_word' id='word_1_133' title='bbox 896 2201 943 2250; x_wconf 84' lang='lat' dir='ltr'>ein</span> <span class='ocrx_word' id='word_1_134' title='bbox 960 2192 1072 2253; x_wconf 76' lang='lat' dir='ltr'>meen</span> <span class='ocrx_word' id='word_1_135' title='bbox 1092 2203 1256 2272; x_wconf 87' lang='lat' dir='ltr'>proprium,</span> <span class='ocrx_word' id='word_1_136' title='bbox 1281 2205 1337 2254; x_wconf 72' lang='lat' dir='ltr'>wie</span> 
     </span>
     <span class='ocr_line' id='line_1_19' title="bbox 290 2279 707 2349; baseline 0.007 -15"><span class='ocrx_word' id='word_1_137' title='bbox 290 2279 504 2349; x_wconf 81' lang='lat' dir='ltr'>Macedonum,</span> <span class='ocrx_word' id='word_1_138' title='bbox 521 2281 707 2337; x_wconf 83' lang='lat' dir='ltr'>daawiseben.</span> 
     </span>
    </p>

    <p class='ocr_par' dir='ltr' id='par_1_18' title="bbox 209 2368 1337 2535">
     <span class='ocr_line' id='line_1_20' title="bbox 380 2368 1337 2451; baseline 0.005 -23"><span class='ocrx_word' id='word_1_139' title='bbox 380 2396 467 2447; x_wconf 81' lang='lat' dir='ltr'>quom</span> <span class='ocrx_word' id='word_1_140' title='bbox 493 2368 555 2429; x_wconf 80' lang='lat' dir='ltr'>eum</span> <span class='ocrx_word' id='word_1_141' title='bbox 580 2396 638 2430; x_wconf 81' lang='lat' dir='ltr'>nora</span> <span class='ocrx_word' id='word_1_142' title='bbox 658 2376 797 2449; x_wconf 81' lang='lat' dir='ltr'>prodere]</span> <span class='ocrx_word' id='word_1_143' title='bbox 832 2377 881 2430; x_wconf 83' lang='lat' dir='ltr'>leh</span> <span class='ocrx_word' id='word_1_144' title='bbox 902 2376 975 2430; x_wconf 83' lang='lat' dir='ltr'>habe</span> <span class='ocrx_word' id='word_1_145' title='bbox 993 2375 1048 2431; x_wconf 82' lang='lat' dir='ltr'>den</span> <span class='ocrx_word' id='word_1_146' title='bbox 1064 2379 1177 2449; x_wconf 82' lang='lat' dir='ltr'>Begriss</span> <span class='ocrx_word' id='word_1_147' title='bbox 1193 2398 1246 2433; x_wconf 80' lang='lat' dir='ltr'>von</span> <span class='ocrx_word' id='word_1_148' title='bbox 1263 2399 1337 2451; x_wconf 81' lang='lat' dir='ltr'>pro-</span> 
     </span>
     <span class='ocr_line' id='line_1_21' title="bbox 209 2460 1086 2535; baseline 0.006 -22"><span class='ocrx_word' id='word_1_149' title='bbox 209 2460 222 2491; x_wconf 61' lang='lat'>‘·</span> <span class='ocrx_word' id='word_1_150' title='bbox 290 2460 358 2515; x_wconf 77' lang='lat' dir='ltr'>dere</span> <span class='ocrx_word' id='word_1_151' title='bbox 375 2464 425 2535; x_wconf 83' lang='lat' dir='ltr'>bey</span> <span class='ocrx_word' id='word_1_152' title='bbox 447 2464 585 2517; x_wconf 67' lang='lat' dir='ltr'>Themirt:</span> <span class='ocrx_word' id='word_1_153' title='bbox 601 2465 685 2530; x_wconf 81' lang='lat' dir='ltr'>vm,</span> <span class='ocrx_word' id='word_1_154' title='bbox 704 2476 730 2530; x_wconf 86' lang='lat'>5.</span> <span class='ocrx_word' id='word_1_155' title='bbox 749 2483 800 2517; x_wconf 81' lang='lat' dir='ltr'>aus</span> <span class='ocrx_word' id='word_1_156' title='bbox 819 2462 954 2517; x_wconf 81' lang='lat' dir='ltr'>einander</span> <span class='ocrx_word' id='word_1_157' title='bbox 972 2479 1086 2532; x_wconf 83' lang='lat' dir='ltr'>geaetat.</span> 
     </span>
    </p>
   </div>
   <div class='ocr_carea' id='block_1_4' title="bbox 286 2558 1337 2880">
    <p class='ocr_par' dir='ltr' id='par_1_19' title="bbox 286 2558 1337 2880">
     <span class='ocr_line' id='line_1_22' title="bbox 328 2558 1337 2630; baseline 0.005 -20"><span class='ocrx_word' id='word_1_158' title='bbox 328 2567 354 2621; x_wconf 73' lang='grc'>5.</span> <span class='ocrx_word' id='word_1_159' title='bbox 382 2562 478 2626; x_wconf 82' lang='lat' dir='ltr'>Atque</span> <span class='ocrx_word' id='word_1_160' title='bbox 500 2558 591 2629; x_wconf 79' lang='grc' dir='ltr'>Ιιιιηε]</span> <span class='ocrx_word' id='word_1_161' title='bbox 634 2560 703 2614; x_wconf 84' lang='lat' dir='ltr'>Man</span> <span class='ocrx_word' id='word_1_162' title='bbox 729 2561 825 2612; x_wconf 84' lang='lat' dir='ltr'>merke</span> <span class='ocrx_word' id='word_1_163' title='bbox 845 2560 1028 2630; x_wconf 77' lang='lat' dir='ltr'>aiebatque,</span> <span class='ocrx_word' id='word_1_164' title='bbox 1056 2560 1174 2612; x_wconf 78' lang='lat' dir='ltr'>welches</span> <span class='ocrx_word' id='word_1_165' title='bbox 1193 2560 1254 2613; x_wconf 83' lang='lat' dir='ltr'>hier</span> <span class='ocrx_word' id='word_1_166' title='bbox 1278 2560 1337 2617; x_wconf 82' lang='lat' dir='ltr'>den</span> 
     </span>
     <span class='ocr_line' id='line_1_23' title="bbox 290 2640 1335 2713; baseline 0.007 -21"><span class='ocrx_word' id='word_1_167' title='bbox 290 2640 457 2712; x_wconf 82' lang='lat' dir='ltr'>Uebergaug</span> <span class='ocrx_word' id='word_1_168' title='bbox 476 2645 527 2696; x_wconf 80' lang='lat' dir='ltr'>aul</span> <span class='ocrx_word' id='word_1_169' title='bbox 540 2645 595 2697; x_wconf 88' lang='lat' dir='ltr'>den</span> <span class='ocrx_word' id='word_1_170' title='bbox 611 2646 770 2713; x_wconf 81' lang='lat' dir='ltr'>Antigonus</span> <span class='ocrx_word' id='word_1_171' title='bbox 788 2644 846 2697; x_wconf 86' lang='lat' dir='ltr'>und</span> <span class='ocrx_word' id='word_1_172' title='bbox 866 2650 926 2698; x_wconf 83' lang='lat' dir='ltr'>sein</span> <span class='ocrx_word' id='word_1_173' title='bbox 944 2645 1008 2698; x_wconf 79' lang='lat' dir='ltr'>dem</span> <span class='ocrx_word' id='word_1_174' title='bbox 1022 2647 1182 2701; x_wconf 82' lang='lat' dir='ltr'>Benebmen</span> <span class='ocrx_word' id='word_1_175' title='bbox 1204 2647 1252 2697; x_wconf 83' lang='lat' dir='ltr'>der</span> <span class='ocrx_word' id='word_1_176' title='bbox 1270 2651 1335 2699; x_wconf 68' lang='lat' dir='ltr'>lle-</span> 
     </span>
     <span class='ocr_line' id='line_1_24' title="bbox 287 2727 1334 2800; baseline 0.003 -21"><span class='ocrx_word' id='word_1_177' title='bbox 287 2727 400 2782; x_wconf 74' lang='lat' dir='ltr'>sibrten</span> <span class='ocrx_word' id='word_1_178' title='bbox 421 2729 468 2782; x_wconf 80' lang='lat' dir='ltr'>dee</span> <span class='ocrx_word' id='word_1_179' title='bbox 486 2730 919 2800; x_wconf 66' lang='lat' dir='ltr'>Eumenesentgegengesctztea</span> <span class='ocrx_word' id='word_1_180' title='bbox 936 2731 1074 2799; x_wconf 63' lang='lat' dir='ltr'>strages</span> <span class='ocrx_word' id='word_1_181' title='bbox 1095 2731 1197 2783; x_wconf 73' lang='lat' dir='ltr'>macha.</span> <span class='ocrx_word' id='word_1_182' title='bbox 1248 2740 1334 2799; x_wconf 73' lang='lat' dir='ltr'>Age-</span> 
     </span>
     <span class='ocr_line' id='line_1_25' title="bbox 286 2817 796 2880; baseline 0.002 -11"><span class='ocrx_word' id='word_1_183' title='bbox 286 2817 335 2871; x_wconf 73' lang='lat' dir='ltr'>cll.</span> <span class='ocrx_word' id='word_1_184' title='bbox 353 2818 436 2880; x_wconf 79' lang='lat' dir='ltr'>Vlll,</span> <span class='ocrx_word' id='word_1_185' title='bbox 457 2837 480 2870; x_wconf 86' lang='lat'>1.</span> <span class='ocrx_word' id='word_1_186' title='bbox 515 2817 646 2870; x_wconf 81' lang='lat' dir='ltr'>Hanrrib.</span> <span class='ocrx_word' id='word_1_187' title='bbox 666 2818 752 2880; x_wconf 80' lang='lat' dir='ltr'>Xlll,</span> <span class='ocrx_word' id='word_1_188' title='bbox 769 2834 796 2870; x_wconf 74' lang='lat' dir='ltr'>a.</span> 
     </span>
    </p>
   </div>
   <div class='ocr_carea' id='block_1_5' title="bbox 285 2907 1332 3334">
    <p class='ocr_par' dir='ltr' id='par_1_20' title="bbox 285 2907 1332 3334">
     <span class='ocr_line' id='line_1_26' title="bbox 376 2907 1332 2984; baseline 0.003 -21"><span class='ocrx_word' id='word_1_189' title='bbox 376 2921 450 2965; x_wconf 82' lang='lat' dir='ltr'>esset</span> <span class='ocrx_word' id='word_1_190' title='bbox 468 2912 596 2982; x_wconf 80' lang='lat' dir='ltr'>licitum]</span> <span class='ocrx_word' id='word_1_191' title='bbox 638 2913 697 2965; x_wconf 80' lang='lat' dir='ltr'>Dae</span> <span class='ocrx_word' id='word_1_192' title='bbox 714 2910 914 2984; x_wconf 77' lang='lat' dir='ltr'>Imperfectum</span> <span class='ocrx_word' id='word_1_193' title='bbox 933 2917 1004 2963; x_wconf 75' lang='lat' dir='ltr'>met</span> <span class='ocrx_word' id='word_1_194' title='bbox 1021 2907 1067 2961; x_wconf 76' lang='lat' dir='ltr'>fur</span> <span class='ocrx_word' id='word_1_195' title='bbox 1085 2907 1134 2962; x_wconf 84' lang='lat' dir='ltr'>das</span> <span class='ocrx_word' id='word_1_196' title='bbox 1154 2908 1332 2978; x_wconf 79' lang='lat' dir='ltr'>Plusquarn-</span> 
     </span>
     <span class='ocr_line' id='line_1_27' title="bbox 286 2995 1330 3070; baseline 0.001 -21"><span class='ocrx_word' id='word_1_197' title='bbox 286 2996 442 3065; x_wconf 80' lang='lat' dir='ltr'>perfectum</span> <span class='ocrx_word' id='word_1_198' title='bbox 460 2996 585 3070; x_wconf 72' lang='lat' dir='ltr'>ficisset.</span> <span class='ocrx_word' id='word_1_199' title='bbox 631 2999 701 3051; x_wconf 87' lang='lat' dir='ltr'>Man</span> <span class='ocrx_word' id='word_1_200' title='bbox 723 2998 788 3050; x_wconf 76' lang='lat' dir='ltr'>seba</span> <span class='ocrx_word' id='word_1_201' title='bbox 811 2996 856 3049; x_wconf 84' lang='lat' dir='ltr'>die</span> <span class='ocrx_word' id='word_1_202' title='bbox 878 2995 1061 3065; x_wconf 72' lang='lat' dir='ltr'>Anmerkung</span> <span class='ocrx_word' id='word_1_203' title='bbox 1085 3015 1119 3048; x_wconf 83' lang='lat' dir='ltr'>au</span> <span class='ocrx_word' id='word_1_204' title='bbox 1139 2998 1217 3048; x_wconf 78' lang='lat' dir='ltr'>Dion</span> <span class='ocrx_word' id='word_1_205' title='bbox 1237 3000 1280 3065; x_wconf 66' lang='lat' dir='ltr'>X,</span> <span class='ocrx_word' id='word_1_206' title='bbox 1298 3011 1330 3065; x_wconf 79' lang='lat'>5.</span> 
     </span>
     <span class='ocr_line' id='line_1_28' title="bbox 286 3070 1009 3152; baseline 0.011 -21"><span class='ocrx_word' id='word_1_207' title='bbox 286 3079 378 3133; x_wconf 85' lang='lat' dir='ltr'>Ueber</span> <span class='ocrx_word' id='word_1_208' title='bbox 392 3101 446 3152; x_wconf 80' lang='lat' dir='ltr'>prr</span> <span class='ocrx_word' id='word_1_209' title='bbox 464 3086 540 3136; x_wconf 82' lang='lat' dir='ltr'>siebe</span> <span class='ocrx_word' id='word_1_210' title='bbox 558 3086 632 3137; x_wconf 81' lang='lat' dir='ltr'>Cato</span> <span class='ocrx_word' id='word_1_211' title='bbox 651 3086 693 3148; x_wconf 93' lang='lat' dir='ltr'>ll,</span> <span class='ocrx_word' id='word_1_212' title='bbox 712 3102 739 3137; x_wconf 88' lang='lat' dir='ltr'>a.</span> <span class='ocrx_word' id='word_1_213' title='bbox 830 3077 835 3091; x_wconf 55' lang='lat'>⁸</span> <span class='ocrx_word' id='word_1_214' title='bbox 998 3070 1009 3083; x_wconf 56' lang='lat'><strong><em>⁹</em></strong></span> 
     </span>
     <span class='ocr_line' id='line_1_29' title="bbox 323 3175 1330 3249; baseline 0.005 -23"><span class='ocrx_word' id='word_1_215' title='bbox 323 3183 350 3241; x_wconf 74' lang='grc'>4.</span> <span class='ocrx_word' id='word_1_216' title='bbox 378 3182 427 3247; x_wconf 78' lang='lat' dir='ltr'>pnr‘</span> <span class='ocrx_word' id='word_1_217' title='bbox 445 3184 524 3230; x_wconf 82' lang='lat' dir='ltr'>circa</span> <span class='ocrx_word' id='word_1_218' title='bbox 543 3178 645 3249; x_wconf 76' lang='lat' dir='ltr'>erant]</span> <span class='ocrx_word' id='word_1_219' title='bbox 680 3179 752 3242; x_wconf 82' lang='lat' dir='ltr'>Die,</span> <span class='ocrx_word' id='word_1_220' title='bbox 772 3178 882 3232; x_wconf 71' lang='lat' dir='ltr'>welche</span> <span class='ocrx_word' id='word_1_221' title='bbox 901 3175 1057 3244; x_wconf 67' lang='lat' dir='ltr'>bestandtg</span> <span class='ocrx_word' id='word_1_222' title='bbox 1076 3195 1122 3229; x_wconf 84' lang='lat' dir='ltr'>um</span> <span class='ocrx_word' id='word_1_223' title='bbox 1138 3176 1186 3228; x_wconf 73' lang='lat' dir='ltr'>iim</span> <span class='ocrx_word' id='word_1_224' title='bbox 1205 3196 1330 3247; x_wconf 74' lang='lat' dir='ltr'>ereren,</span> 
     </span>
     <span class='ocr_line' id='line_1_30' title="bbox 285 3256 1330 3334; baseline 0.01 -23"><span class='ocrx_word' id='word_1_225' title='bbox 285 3256 340 3312; x_wconf 75' lang='lat' dir='ltr'>das</span> <span class='ocrx_word' id='word_1_226' title='bbox 355 3266 409 3327; x_wconf 82' lang='lat' dir='ltr'>ist,</span> <span class='ocrx_word' id='word_1_227' title='bbox 427 3270 504 3315; x_wconf 78' lang='lat' dir='ltr'>scine</span> <span class='ocrx_word' id='word_1_228' title='bbox 522 3263 661 3317; x_wconf 67' lang='lat' dir='ltr'>locande.</span> <span class='ocrx_word' id='word_1_229' title='bbox 705 3264 792 3316; x_wconf 82' lang='lat' dir='ltr'>Circa</span> <span class='ocrx_word' id='word_1_230' title='bbox 810 3270 846 3316; x_wconf 80' lang='lat' dir='ltr'>ist</span> <span class='ocrx_word' id='word_1_231' title='bbox 864 3263 926 3315; x_wconf 87' lang='lat' dir='ltr'>hier</span> <span class='ocrx_word' id='word_1_232' title='bbox 948 3262 1147 3316; x_wconf 78' lang='lat' dir='ltr'>adverbialiter</span> <span class='ocrx_word' id='word_1_233' title='bbox 1166 3265 1330 3334; x_wconf 82' lang='lat' dir='ltr'>gebraucbt.</span> 
     </span>
    </p>
   </div>
   <div class='ocr_carea' id='block_1_6' title="bbox 285 3345 1140 3428">
    <p class='ocr_par' dir='ltr' id='par_1_21' title="bbox 285 3345 1140 3428">
     <span class='ocr_line' id='line_1_31' title="bbox 285 3345 1140 3428; baseline 0.005 -20"><span class='ocrx_word' id='word_1_234' title='bbox 285 3357 331 3408; x_wconf 85' lang='lat' dir='ltr'>Im</span> <span class='ocrx_word' id='word_1_235' title='bbox 350 3356 476 3426; x_wconf 79' lang='lat' dir='ltr'>gleicben</span> <span class='ocrx_word' id='word_1_236' title='bbox 495 3357 580 3411; x_wconf 85' lang='lat' dir='ltr'>Sinne</span> <span class='ocrx_word' id='word_1_237' title='bbox 600 3373 684 3425; x_wconf 81' lang='lat' dir='ltr'>eagen</span> <span class='ocrx_word' id='word_1_238' title='bbox 701 3355 747 3409; x_wconf 74' lang='lat' dir='ltr'>&lt;lie</span> <span class='ocrx_word' id='word_1_239' title='bbox 765 3357 905 3411; x_wconf 85' lang='lat' dir='ltr'>Griecben</span> <span class='ocrx_word' id='word_1_240' title='bbox 922 3353 950 3409; x_wconf 78' lang='lat' dir='ltr'>oi</span> <span class='ocrx_word' id='word_1_241' title='bbox 971 3345 1050 3428; x_wconf 75' lang='grc' dir='ltr'>ἆμφί</span> <span class='ocrx_word' id='word_1_242' title='bbox 1068 3376 1140 3415; x_wconf 71' lang='grc' dir='ltr'><strong><em>τινα.</em></strong></span> 
     </span>
    </p>
   </div>
   <div class='ocr_carea' id='block_1_7' title="bbox 278 3450 1330 4028">
    <p class='ocr_par' dir='ltr' id='par_1_22' title="bbox 278 3450 1330 4028">
     <span class='ocr_line' id='line_1_32' title="bbox 374 3450 1330 3524; baseline 0.005 -22"><span class='ocrx_word' id='word_1_243' title='bbox 374 3469 472 3502; x_wconf 86' lang='lat' dir='ltr'>omnes</span> <span class='ocrx_word' id='word_1_244' title='bbox 492 3470 554 3521; x_wconf 77' lang='lat' dir='ltr'>proe</span> <span class='ocrx_word' id='word_1_245' title='bbox 573 3453 622 3503; x_wconf 78' lang='lat' dir='ltr'>illo</span> <span class='ocrx_word' id='word_1_246' title='bbox 644 3457 736 3522; x_wconf 81' lang='lat' dir='ltr'>parvi</span> <span class='ocrx_word' id='word_1_247' title='bbox 753 3450 896 3524; x_wconf 64' lang='lat' dir='ltr'>ficturos]</span> <span class='ocrx_word' id='word_1_248' title='bbox 944 3453 993 3505; x_wconf 85' lang='lat' dir='ltr'>Sie</span> <span class='ocrx_word' id='word_1_249' title='bbox 1014 3453 1134 3504; x_wconf 65' lang='lat' dir='ltr'>werden</span> <span class='ocrx_word' id='word_1_250' title='bbox 1156 3454 1214 3506; x_wconf 85' lang='lat' dir='ltr'>alle</span> <span class='ocrx_word' id='word_1_251' title='bbox 1238 3454 1330 3507; x_wconf 71' lang='lat' dir='ltr'>uehere</span> 
     </span>
     <span class='ocr_line' id='line_1_33' title="bbox 283 3533 1329 3605; baseline 0.007 -19"><span class='ocrx_word' id='word_1_252' title='bbox 283 3533 342 3588; x_wconf 76' lang='lat' dir='ltr'>alm</span> <span class='ocrx_word' id='word_1_253' title='bbox 360 3536 456 3588; x_wconf 78' lang='lat' dir='ltr'>nicbts</span> <span class='ocrx_word' id='word_1_254' title='bbox 473 3555 511 3587; x_wconf 81' lang='lat' dir='ltr'>eu</span> <span class='ocrx_word' id='word_1_255' title='bbox 528 3554 620 3605; x_wconf 74' lang='lat' dir='ltr'>sugere</span> <span class='ocrx_word' id='word_1_256' title='bbox 640 3538 748 3601; x_wconf 77' lang='lat' dir='ltr'>haben,</span> <span class='ocrx_word' id='word_1_257' title='bbox 771 3535 867 3590; x_wconf 70' lang='lat' dir='ltr'>radchis</span> <span class='ocrx_word' id='word_1_258' title='bbox 887 3537 996 3604; x_wconf 70' lang='lat' dir='ltr'>gellen.</span> <span class='ocrx_word' id='word_1_259' title='bbox 1043 3538 1107 3591; x_wconf 78' lang='lat' dir='ltr'>Prae</span> <span class='ocrx_word' id='word_1_260' title='bbox 1133 3539 1234 3595; x_wconf 78' lang='lat' dir='ltr'>‹leutkt</span> <span class='ocrx_word' id='word_1_261' title='bbox 1255 3541 1329 3593; x_wconf 88' lang='lat' dir='ltr'>auch</span> 
     </span>
     <span class='ocr_line' id='line_1_34' title="bbox 282 3619 1327 3695; baseline 0.004 -22"><span class='ocrx_word' id='word_1_262' title='bbox 282 3619 361 3687; x_wconf 86' lang='lat' dir='ltr'>hier,</span> <span class='ocrx_word' id='word_1_263' title='bbox 387 3626 440 3673; x_wconf 82' lang='lat' dir='ltr'>wie</span> <span class='ocrx_word' id='word_1_264' title='bbox 459 3636 554 3686; x_wconf 78' lang='lat' dir='ltr'>sonet,</span> <span class='ocrx_word' id='word_1_265' title='bbox 579 3620 633 3674; x_wconf 88' lang='lat' dir='ltr'>den</span> <span class='ocrx_word' id='word_1_266' title='bbox 653 3625 765 3692; x_wconf 82' lang='lat' dir='ltr'>Vorzug</span> <span class='ocrx_word' id='word_1_267' title='bbox 783 3640 844 3675; x_wconf 81' lang='lat' dir='ltr'>aus.</span> <span class='ocrx_word' id='word_1_268' title='bbox 896 3623 976 3675; x_wconf 88' lang='lat' dir='ltr'>Docb</span> <span class='ocrx_word' id='word_1_269' title='bbox 994 3628 1031 3675; x_wconf 84' lang='lat' dir='ltr'>iet</span> <span class='ocrx_word' id='word_1_270' title='bbox 1048 3623 1093 3675; x_wconf 83' lang='lat' dir='ltr'>die</span> <span class='ocrx_word' id='word_1_271' title='bbox 1112 3625 1244 3690; x_wconf 80' lang='lat' dir='ltr'>Pbratls,</span> <span class='ocrx_word' id='word_1_272' title='bbox 1265 3644 1327 3695; x_wconf 77' lang='lat' dir='ltr'>proe</span> 
     </span>
     <span class='ocr_line' id='line_1_35' title="bbox 284 3707 1323 3779; baseline -0.002 -20"><span class='ocrx_word' id='word_1_273' title='bbox 284 3708 383 3776; x_wconf 79' lang='lat' dir='ltr'>aliquo</span> <span class='ocrx_word' id='word_1_274' title='bbox 398 3712 485 3776; x_wconf 80' lang='lat' dir='ltr'>parvi</span> <span class='ocrx_word' id='word_1_275' title='bbox 503 3725 577 3773; x_wconf 81' lang='lat' dir='ltr'>esse,</span> <span class='ocrx_word' id='word_1_276' title='bbox 597 3714 685 3779; x_wconf 78' lang='lat' dir='ltr'>eigen.</span> <span class='ocrx_word' id='word_1_277' title='bbox 732 3710 800 3762; x_wconf 86' lang='lat' dir='ltr'>Man</span> <span class='ocrx_word' id='word_1_278' title='bbox 823 3709 898 3761; x_wconf 81' lang='lat' dir='ltr'>kann</span> <span class='ocrx_word' id='word_1_279' title='bbox 920 3707 994 3760; x_wconf 77' lang='lat' dir='ltr'>wohl</span> <span class='ocrx_word' id='word_1_280' title='bbox 1016 3725 1117 3775; x_wconf 76' lang='lat' dir='ltr'>sager,</span> <span class='ocrx_word' id='word_1_281' title='bbox 1146 3714 1249 3778; x_wconf 80' lang='lat' dir='ltr'>magni</span> <span class='ocrx_word' id='word_1_282' title='bbox 1266 3726 1323 3762; x_wconf 82' lang='lat' dir='ltr'>esse</span> 
     </span>
     <span class='ocr_line' id='line_1_36' title="bbox 278 3792 1322 3863; baseline -0.001 -20"><span class='ocrx_word' id='word_1_283' title='bbox 278 3810 342 3861; x_wconf 75' lang='lat' dir='ltr'>prm</span> <span class='ocrx_word' id='word_1_284' title='bbox 355 3794 469 3862; x_wconf 74' lang='lat' dir='ltr'>aliprto,</span> <span class='ocrx_word' id='word_1_285' title='bbox 487 3811 544 3843; x_wconf 82' lang='lat' dir='ltr'>vor</span> <span class='ocrx_word' id='word_1_286' title='bbox 563 3799 654 3845; x_wconf 79' lang='lat' dir='ltr'>cirtem</span> <span class='ocrx_word' id='word_1_287' title='bbox 674 3810 727 3845; x_wconf 77' lang='lat' dir='ltr'>arcs</span> <span class='ocrx_word' id='word_1_288' title='bbox 746 3795 856 3846; x_wconf 80' lang='lat' dir='ltr'>Wertle</span> <span class='ocrx_word' id='word_1_289' title='bbox 873 3793 983 3859; x_wconf 79' lang='lat' dir='ltr'>haben,</span> <span class='ocrx_word' id='word_1_290' title='bbox 1001 3792 1170 3862; x_wconf 66' lang='lat' dir='ltr'>geschdtet,</span> <span class='ocrx_word' id='word_1_291' title='bbox 1188 3794 1322 3863; x_wconf 76' lang='lat' dir='ltr'>geachtet</span> 
     </span>
     <span class='ocr_line' id='line_1_37' title="bbox 281 3879 1318 3950; baseline 0.007 -21"><span class='ocrx_word' id='word_1_292' title='bbox 281 3894 362 3947; x_wconf 76' lang='lat' dir='ltr'>scyra.</span> <span class='ocrx_word' id='word_1_293' title='bbox 397 3879 492 3934; x_wconf 77' lang='lat' dir='ltr'>Allein</span> <span class='ocrx_word' id='word_1_294' title='bbox 506 3897 569 3949; x_wconf 80' lang='lat' dir='ltr'>prta</span> <span class='ocrx_word' id='word_1_295' title='bbox 584 3881 681 3948; x_wconf 81' lang='lat' dir='ltr'>aliquo</span> <span class='ocrx_word' id='word_1_296' title='bbox 693 3883 786 3949; x_wconf 74' lang='lat' dir='ltr'>parvi</span> <span class='ocrx_word' id='word_1_297' title='bbox 799 3897 874 3946; x_wconf 81' lang='lat' dir='ltr'>esse,</span> <span class='ocrx_word' id='word_1_298' title='bbox 893 3882 970 3934; x_wconf 84' lang='lat' dir='ltr'>kann</span> <span class='ocrx_word' id='word_1_299' title='bbox 991 3899 1046 3934; x_wconf 87' lang='lat' dir='ltr'>nur</span> <span class='ocrx_word' id='word_1_300' title='bbox 1066 3882 1258 3950; x_wconf 79' lang='lat' dir='ltr'>uueigentlich</span> <span class='ocrx_word' id='word_1_301' title='bbox 1272 3895 1318 3948; x_wconf 70' lang='grc' dir='ltr'>μ·</span> 
     </span>
     <span class='ocr_line' id='line_1_38' title="bbox 282 3965 483 4028; baseline 0.045 -18"><span class='ocrx_word' id='word_1_302' title='bbox 282 3975 344 4028; x_wconf 73' lang='lat' dir='ltr'>aagt</span> <span class='ocrx_word' id='word_1_303' title='bbox 362 3965 483 4019; x_wconf 77' lang='lat' dir='ltr'>werden.</span> 
     </span>
    </p>
   </div>
   <div class='ocr_carea' id='block_1_8' title="bbox 368 4056 1318 4128">
    <p class='ocr_par' dir='ltr' id='par_1_23' title="bbox 368 4056 1318 4128">
     <span class='ocr_line' id='line_1_39' title="bbox 368 4056 1318 4128; baseline 0.011 -20"><span class='ocrx_word' id='word_1_304' title='bbox 368 4056 516 4128; x_wconf 72' lang='lat' dir='ltr'>iunonem]</span> <span class='ocrx_word' id='word_1_305' title='bbox 550 4059 593 4114; x_wconf 84' lang='lat' dir='ltr'>Er</span> <span class='ocrx_word' id='word_1_306' title='bbox 609 4077 678 4114; x_wconf 78' lang='lat' dir='ltr'>erar</span> <span class='ocrx_word' id='word_1_307' title='bbox 695 4077 728 4114; x_wconf 82' lang='lat' dir='ltr'>so</span> <span class='ocrx_word' id='word_1_308' title='bbox 746 4058 891 4115; x_wconf 69' lang='lat' dir='ltr'>arbitrere.</span> <span class='ocrx_word' id='word_1_309' title='bbox 927 4061 1023 4118; x_wconf 79' lang='lat' dir='ltr'>Salten</span> <span class='ocrx_word' id='word_1_310' title='bbox 1040 4063 1115 4119; x_wconf 76' lang='lat' dir='ltr'>steht</span> <span class='ocrx_word' id='word_1_311' title='bbox 1130 4062 1180 4120; x_wconf 79' lang='lat' dir='ltr'>dae</span> <span class='ocrx_word' id='word_1_312' title='bbox 1197 4059 1318 4118; x_wconf 66' lang='lat' dir='ltr'>Verium</span> 
     </span>
    </p>
   </div>
   <div class='ocr_carea' id='block_1_9' title="bbox 0 0 1366 4838">
    <p class='ocr_par' dir='ltr' id='par_1_24' title="bbox 0 0 1366 4838">
     <span class='ocr_line' id='line_1_40' title="bbox 0 0 1366 4838; baseline 0 5"><span class='ocrx_word' id='word_1_313' title='bbox 0 0 1366 4838; x_wconf 95' lang='lat' dir='ltr'> </span> 
     </span>
    </p>
   </div>
  </div>
 </body>
</html>
