2722 4838
424 321 470 384 X.
489 320 592 383 Dion.
632 317 712 400 Cep.
731 315 819 379 111.
838 317 911 381 IV.
1134 318 1197 399 139

211 488 347 554 temque
359 472 496 534 reddere
511 467 737 553 Syracusanis:
759 488 859 549 aqua
873 469 1050 531 voluntate
1062 466 1200 533 Philisti

210 579 355 645 coneilio
378 576 568 654 deterritus,
590 575 767 655 aliquanto
788 573 956 639 crudelior
973 592 1044 637 erse
1062 574 1172 659 coepit.

561 780 674 850 Cer.
724 780 788 851 IV.

150 947 182 995 r.
215 927 289 1019 Qui
310 925 466 1007 quidem,
488 943 597 1003 quum
620 943 638 983 a
655 921 774 982 Dione
795 939 830 982 se
848 921 994 1003 superari
1007 923 1137 987 videret
1151 922 1200 987 in·

211 1031 330 1114 genio,
351 1026 561 1101 auctoritate,
582 1045 694 1088 amore
706 1026 834 1107 populi,
855 1047 984 1101 verene,
1007 1049 1061 1101 ne,
1077 1029 1105 1090 si
1119 1049 1200 1093 eum

208 1155 323 1198 cecum
344 1133 497 1205 haberet,
518 1130 669 1211 aliquam
684 1130 893 1194 occasionem
914 1132 969 1193 sui
983 1132 1075 1193 daret
1093 1133 1200 1214 oppri-

210 1239 347 1313 mendi,
376 1256 499 1298 navem
517 1236 550 1297 ei
575 1237 743 1297 triremem
766 1237 875 1312 dedit,
906 1256 972 1316 qua
994 1235 1199 1299 Corinthum

214 1326 450 1405 deveheretur:
471 1342 660 1414 ostendens,
679 1361 714 1403 re
728 1340 761 1402 id
774 1341 948 1423 utriusque
960 1341 1065 1407 facere
1080 1362 1202 1417 causon

214 1468 273 1523 ne,
294 1468 402 1530 quum
420 1446 509 1511 inter
527 1467 561 1509 re
585 1447 757 1521 timerent,
786 1433 1103 1511 alteruteralterum
1123 1467 1201 1531 prae·

154 1574 184 1623 2.
214 1570 398 1636 occuparet.
452 1554 495 1616 Id
519 1536 628 1634 quum
656 1551 781 1612 factum
802 1552 905 1614 multi
926 1553 1200 1637 indignarentur,

213 1678 409 1741 magnaeque
430 1671 515 1719 esset
535 1657 676 1721 invidiae
690 1669 848 1737 tyranno,
869 1657 1060 1740 Dionysius
1073 1659 1200 1735 omnia,

212 1783 288 1845 quae
307 1761 440 1826 moveri
453 1773 623 1844 poterant,
645 1760 772 1822 Dionir
787 1761 824 1824 in
847 1782 949 1826 naves
963 1763 1140 1845 imposuit,
1159 1764 1204 1826 ad

244 1965 399 2033 aliquanto
419 1962 580 2033 crudelior]
617 1965 671 2016 Um
680 1962 773 2013 creles
784 1978 968 2029 grcnramer.
1003 1962 1083 2016 Diels
1096 1963 1202 2017 heden-

154 2063 194 2103 tet
213 2050 413 2118 aliquantum,
433 2050 602 2117 aliquanto,
622 2049 839 2118 aliquantulum
858 2048 984 2103 rehrolt.
1019 2050 1057 2102 Ee
1071 2053 1108 2104 iet
1122 2051 1202 2107 nicht

154 2150 213 2186 wat
230 2133 351 2202 purello,
372 2132 495 2184 rondern
512 2151 569 2185 was
589 2134 689 2186 multo.
740 2134 809 2186 Men
828 2132 893 2185 cehe
911 2135 1003 2188 Herrn
1023 2137 1201 2203 Hottingers

154 2219 336 2287 Bemerkung
353 2235 387 2269 ru
405 2220 503 2273 Cicero
521 2218 556 2268 de
574 2220 770 2277 Divinatione
787 2220 830 2283 11,
853 2239 876 2297 r.¹
912 2220 977 2290 Vgl.
995 2223 1087 2275 Herrn
1105 2222 1206 2294 Wolf

155 2323 190 2356 zu
209 2305 333 2356 Suetons
345 2303 444 2356 Caesar
462 2322 486 2356 c.
505 2321 548 2359 ro.
581 2306 775 2375 Aliquantum
791 2306 899 2358 echeint
910 2308 1068 2381 uberhaupt
1083 2324 1199 2363 uneerm

153 2389 288 2441 ziemlielr
305 2408 339 2441 eu
357 2390 557 2461 cnteprechen,
587 2389 637 2444 dae
660 2389 728 2445 hald
748 2392 882 2444 eiemlr'clr
897 2395 962 2445 viel
976 2395 1044 2450 held
1061 2397 1196 2449 ricmlicle

152 2482 256 2544 menig
275 2492 343 2547 reyn
360 2477 447 2529 kann.

188 2619 238 2669 1v.
278 2634 302 2674 1.
320 2614 682 2689 dumintersetirrrerent]
717 2620 855 2686 lrrterse,
874 2621 1024 2679 einander.
1061 2623 1223 2681 Esfiniee·

152 2703 302 2770 eigrntlich
320 2708 382 2756 eine
402 2703 510 2775 Ellipce
527 2704 575 2757 der
592 2706 771 2759 Pronominie
799 2712 934 2779 reciproci
956 2710 1044 2764 Stett:
1075 2709 1143 2761 dum
1167 2728 1199 2761 re

151 2794 230 2840 inter
246 2807 277 2838 se
293 2794 439 2842 timerent.
477 2790 619 2844 Eumenes
636 2794 694 2857 IV,
713 2812 739 2846 a.
758 2813 844 2863 qreum
862 2801 943 2846 inter
959 2813 990 2843 se
1010 2795 1152 2862 complexi
1167 2799 1199 2845 in

151 2883 264 2929 terram
284 2894 320 2927 esc
339 2881 418 2945 equis
435 2875 619 2929 decidissent.
655 2879 754 2928 Cicero
773 2882 822 2931 hat
841 2896 870 2931 et
885 2880 945 2942 ost,
964 2897 987 2930 z.
1005 2880 1039 2930 B.
1058 2877 1093 2926 de
1111 2880 1200 2928 Aml-

153 2966 204 3015 cit.
222 2979 247 3016 c.
268 2980 312 3015 rr.
332 2979 422 3031 neque
439 2963 533 3014 solum
552 2962 648 3013 coleret
665 2965 744 3012 inter
760 2978 790 3012 se
809 2980 845 3013 ac
863 2962 1006 3031 diligent,
1034 2960 1088 3013 sed
1107 2968 1198 3015 etiam

153 3048 341 3101 verebuntur.

239 3155 473 3226 proeoecuparet]
508 3158 715 3223 Preeoccupare
733 3154 818 3208 bellet
833 3154 1002 3224 eigentllch‚
1025 3166 1127 3211 'etwas
1144 3178 1199 3211 erc·

157 3250 217 3295 erst
234 3246 265 3290 in
277 3243 371 3293 Besite
392 3243 522 3297 nelnnen.
556 3242 645 3297 Wird
661 3260 688 3295 ee
703 3261 756 3295 von
770 3243 923 3296 Menechen
938 3258 1027 3311 gegen
1042 3242 1200 3298 Menechen

156 3328 325 3397 gebrauchr,
344 3347 374 3379 ro
397 3333 435 3382 iet
455 3347 501 3394 ee,
519 3334 612 3381 einem
630 3348 720 3382 curor
739 3332 891 3387 lrommern
918 3328 980 3379 hier
1004 3326 1060 3379 den
1086 3318 1200 3381 andern

154 3412 246 3464 durch
263 3412 410 3465 leeimliclre
427 3416 694 3483 rhachrtellsrngen,
713 3414 763 3465 elre
781 3434 812 3466 er
826 3432 856 3464 es
868 3411 1045 3480 vermutlret,
1064 3431 1118 3462 ares
1131 3410 1196 3467 dem

156 3503 256 3566 ll'ege
281 3510 410 3552 niumm.
457 3501 528 3554 Wir
554 3500 646 3552 haben
672 3505 711 3551 im
734 3501 897 3553 Dentechen
922 3499 1024 3552 keioen
1053 3497 1200 3555 einzelnen

155 3585 321 3649 Ausdruck,
340 3584 390 3637 der
407 3583 504 3639 diesen
522 3584 634 3654 Begrill
648 3584 817 3658 erechiiplte.

192 3746 218 3780 2.
246 3742 414 3794 magmeqne
432 3735 505 3777 esset
524 3723 639 3778 invidiae
653 3727 800 3798 tyranno]
836 3724 903 3781 Unel
912 3724 974 3778 sicle
989 3723 1041 3776 der
1052 3723 1196 3780 Oberleerr

155 3811 286 3863 dadrrrclc
303 3812 369 3862 sehr
387 3809 668 3907 vcrlmf'narlrte,
699 3809 825 3886 gressen
847 3812 997 3865 Unmillen
1020 3827 1124 3878 zueog.
1158 3812 1197 3867 80

157 3898 231 3952 recht
250 3896 365 3948 invidia
385 3899 456 3951 auch
476 3910 564 3951 untcn
586 3899 642 3966 Vl,
659 3906 686 3967 4.
710 3898 787 3970 quod
809 3898 920 3952 dictum
944 3913 1055 3966 magna
1078 3896 1197 3952 invidia

156 3994 310 4039 consecuta
331 3993 383 4038 est.

241 4086 272 4132 in
290 4098 377 4133 ncces
395 4075 548 4152 imposuit]
588 4078 689 4139 Wenn
705 4080 756 4137 dae
772 4078 900 4137 eiulaehe
916 4098 1076 4149 ponere-
1092 4086 1124 4133 ire
1141 4084 1195 4133 mit
