<?xml version="1.0" encoding="UTF-8"?>
<!DOCTYPE html PUBLIC "-//W3C//DTD XHTML 1.0 Transitional//EN"
    "http://www.w3.org/TR/xhtml1/DTD/xhtml1-transitional.dtd">
<html xmlns="http://www.w3.org/1999/xhtml" xml:lang="en" lang="en">
 <head>
  <title>
</title>
<meta http-equiv="Content-Type" content="text/html;charset=utf-8" />
  <meta name='ocr-system' content='tesseract 3.04.00' />
  <meta name='ocr-capabilities' content='ocr_page ocr_carea ocr_par ocr_line ocrx_word'/>
</head>
<body>
  <div class='ocr_page' id='page_1' title='image "./devitaexcellent00bremgoog/devitaexcellent00bremgoog_0249.png"; bbox 0 0 2722 4838; ppageno 0'>
   <div class='ocr_carea' id='block_1_1' title="bbox 287 110 303 143">
    <p class='ocr_par' dir='ltr' id='par_1_1' title="bbox 287 110 303 143">
     <span class='ocr_line' id='line_1_1' title="bbox 287 110 303 143; baseline 0 0"><span class='ocrx_word' id='word_1_1' title='bbox 287 110 303 143; x_wconf 79' lang='grc' dir='ltr'><em>Ι</em></span> 
     </span>
    </p>
   </div>
   <div class='ocr_carea' id='block_1_2' title="bbox 276 294 1113 380">
    <p class='ocr_par' dir='ltr' id='par_1_2' title="bbox 276 294 1113 380">
     <span class='ocr_line' id='line_1_2' title="bbox 276 294 1113 380; baseline -0.004 -18"><span class='ocrx_word' id='word_1_2' title='bbox 276 298 437 369; x_wconf 83' lang='lat' dir='ltr'><strong><em>XVIII.</em></strong></span> <span class='ocrx_word' id='word_1_3' title='bbox 456 298 622 360; x_wconf 75' lang='lat' dir='ltr'><strong><em>Eumenes.</em></strong></span> <span class='ocrx_word' id='word_1_4' title='bbox 663 295 739 380; x_wconf 78' lang='lat' dir='ltr'>Cup.</span> <span class='ocrx_word' id='word_1_5' title='bbox 760 297 831 360; x_wconf 81' lang='lat' dir='ltr'>IX.</span> <span class='ocrx_word' id='word_1_6' title='bbox 851 298 896 359; x_wconf 91' lang='lat' dir='ltr'>X.</span> <span class='ocrx_word' id='word_1_7' title='bbox 1056 294 1113 363; x_wconf 70' lang='lat'>255</span> 
     </span>
    </p>
   </div>
   <div class='ocr_carea' id='block_1_3' title="bbox 70 445 1192 1690">
    <p class='ocr_par' dir='ltr' id='par_1_3' title="bbox 128 445 1192 631">
     <span class='ocr_line' id='line_1_3' title="bbox 128 445 1192 530; baseline -0.005 -17"><span class='ocrx_word' id='word_1_8' title='bbox 128 451 255 514; x_wconf 82' lang='lat' dir='ltr'>mulata</span> <span class='ocrx_word' id='word_1_9' title='bbox 270 468 449 512; x_wconf 81' lang='lat' dir='ltr'>castrorum</span> <span class='ocrx_word' id='word_1_10' title='bbox 467 447 712 511; x_wconf 87' lang='lat' dir='ltr'>consuetudine</span> <span class='ocrx_word' id='word_1_11' title='bbox 726 446 949 530; x_wconf 78' lang='lat' dir='ltr'>suspicionem</span> <span class='ocrx_word' id='word_1_12' title='bbox 963 445 1117 528; x_wconf 82' lang='lat' dir='ltr'>injiciant</span> <span class='ocrx_word' id='word_1_13' title='bbox 1189 451 1192 455; x_wconf 88' lang='grc'><strong><em>’</em></strong></span> 
     </span>
     <span class='ocr_line' id='line_1_4' title="bbox 129 554 1116 631; baseline -0.005 -13"><span class='ocrx_word' id='word_1_14' title='bbox 129 555 297 631; x_wconf 80' lang='lat' dir='ltr'><strong>hostibus,</strong></span> <span class='ocrx_word' id='word_1_15' title='bbox 318 556 370 617; x_wconf 91' lang='lat' dir='ltr'>his</span> <span class='ocrx_word' id='word_1_16' title='bbox 391 556 472 617; x_wconf 86' lang='lat' dir='ltr'>loeis</span> <span class='ocrx_word' id='word_1_17' title='bbox 493 575 561 617; x_wconf 88' lang='lat' dir='ltr'>esse</span> <span class='ocrx_word' id='word_1_18' title='bbox 581 570 704 626; x_wconf 77' lang='lat' dir='ltr'>castra,</span> <span class='ocrx_word' id='word_1_19' title='bbox 728 574 765 615; x_wconf 87' lang='lat' dir='ltr'>ac</span> <span class='ocrx_word' id='word_1_20' title='bbox 779 555 820 614; x_wconf 90' lang='lat' dir='ltr'>de</span> <span class='ocrx_word' id='word_1_21' title='bbox 834 574 950 614; x_wconf 87' lang='lat' dir='ltr'>eorum</span> <span class='ocrx_word' id='word_1_22' title='bbox 965 554 1116 614; x_wconf 88' lang='lat' dir='ltr'>adventu</span> 
     </span>
    </p>

    <p class='ocr_par' dir='ltr' id='par_1_4' title="bbox 70 656 1119 1050">
     <span class='ocr_line' id='line_1_5' title="bbox 70 656 1119 745; baseline -0.007 -18"><span class='ocrx_word' id='word_1_23' title='bbox 70 664 99 727; x_wconf 83' lang='lat'>5.</span> <span class='ocrx_word' id='word_1_24' title='bbox 129 663 408 745; x_wconf 68' lang='lat' dir='ltr'>praenuntiatum</span> <span class='ocrx_word' id='word_1_25' title='bbox 430 661 589 741; x_wconf 78' lang='lat' dir='ltr'>idemque</span> <span class='ocrx_word' id='word_1_26' title='bbox 604 674 730 740; x_wconf 83' lang='lat' dir='ltr'>postera</span> <span class='ocrx_word' id='word_1_27' title='bbox 745 674 842 720; x_wconf 88' lang='lat' dir='ltr'>nocte</span> <span class='ocrx_word' id='word_1_28' title='bbox 856 657 989 721; x_wconf 83' lang='lat' dir='ltr'>faciant.</span> <span class='ocrx_word' id='word_1_29' title='bbox 1032 656 1119 745; x_wconf 77' lang='lat' dir='ltr'>Qui·</span> 
     </span>
     <span class='ocr_line' id='line_1_6' title="bbox 129 765 1119 848; baseline -0.003 -18"><span class='ocrx_word' id='word_1_30' title='bbox 129 772 192 831; x_wconf 88' lang='lat' dir='ltr'>bus</span> <span class='ocrx_word' id='word_1_31' title='bbox 223 769 422 848; x_wconf 87' lang='lat' dir='ltr'>imperatum</span> <span class='ocrx_word' id='word_1_32' title='bbox 452 782 537 840; x_wconf 87' lang='lat' dir='ltr'>erat,</span> <span class='ocrx_word' id='word_1_33' title='bbox 571 765 751 846; x_wconf 80' lang='lat' dir='ltr'><strong>diligenter</strong></span> <span class='ocrx_word' id='word_1_34' title='bbox 772 778 969 845; x_wconf 83' lang='lat' dir='ltr'>praeeeptum</span> <span class='ocrx_word' id='word_1_35' title='bbox 990 778 1119 827; x_wconf 86' lang='lat' dir='ltr'>curant.</span> 
     </span>
     <span class='ocr_line' id='line_1_7' title="bbox 129 868 1118 954; baseline -0.004 -18"><span class='ocrx_word' id='word_1_36' title='bbox 129 872 344 954; x_wconf 82' lang='lat' dir='ltr'>Antigonus,</span> <span class='ocrx_word' id='word_1_37' title='bbox 366 873 509 934; x_wconf 82' lang='lat' dir='ltr'>tenebris</span> <span class='ocrx_word' id='word_1_38' title='bbox 529 869 668 943; x_wconf 84' lang='lat' dir='ltr'>obortis,</span> <span class='ocrx_word' id='word_1_39' title='bbox 690 870 784 952; x_wconf 82' lang='lat' dir='ltr'>ignes</span> <span class='ocrx_word' id='word_1_40' title='bbox 807 868 1031 949; x_wconf 82' lang='lat' dir='ltr'><strong>conspicatur:</strong></span> <span class='ocrx_word' id='word_1_41' title='bbox 1052 889 1118 933; x_wconf 87' lang='lat' dir='ltr'>cre·</span> 
     </span>
     <span class='ocr_line' id='line_1_8' title="bbox 130 974 1118 1050; baseline -0.001 -11"><span class='ocrx_word' id='word_1_42' title='bbox 130 979 180 1041; x_wconf 90' lang='lat' dir='ltr'>dit</span> <span class='ocrx_word' id='word_1_43' title='bbox 197 979 238 1040; x_wconf 90' lang='lat' dir='ltr'>de</span> <span class='ocrx_word' id='word_1_44' title='bbox 253 997 314 1037; x_wconf 90' lang='lat' dir='ltr'>suo</span> <span class='ocrx_word' id='word_1_45' title='bbox 332 978 482 1038; x_wconf 86' lang='lat' dir='ltr'>adventu</span> <span class='ocrx_word' id='word_1_46' title='bbox 497 996 565 1038; x_wconf 89' lang='lat' dir='ltr'>esse</span> <span class='ocrx_word' id='word_1_47' title='bbox 579 976 750 1050; x_wconf 86' lang='lat' dir='ltr'>auditum,</span> <span class='ocrx_word' id='word_1_48' title='bbox 773 989 805 1036; x_wconf 92' lang='lat' dir='ltr'>et</span> <span class='ocrx_word' id='word_1_49' title='bbox 820 974 1019 1036; x_wconf 83' lang='lat' dir='ltr'>adversarios</span> <span class='ocrx_word' id='word_1_50' title='bbox 1034 975 1118 1038; x_wconf 83' lang='lat' dir='ltr'>illuc</span> 
     </span>
    </p>

    <p class='ocr_par' dir='ltr' id='par_1_5' title="bbox 70 1079 1121 1371">
     <span class='ocr_line' id='line_1_9' title="bbox 70 1079 1119 1163; baseline -0.002 -19"><span class='ocrx_word' id='word_1_51' title='bbox 70 1082 100 1144; x_wconf 79' lang='grc'>6.</span> <span class='ocrx_word' id='word_1_52' title='bbox 131 1102 207 1143; x_wconf 83' lang='lat' dir='ltr'>suas</span> <span class='ocrx_word' id='word_1_53' title='bbox 228 1081 429 1142; x_wconf 70' lang='lat' dir='ltr'>contraxisse</span> <span class='ocrx_word' id='word_1_54' title='bbox 450 1081 570 1163; x_wconf 87' lang='lat' dir='ltr'>copias.</span> <span class='ocrx_word' id='word_1_55' title='bbox 611 1082 723 1143; x_wconf 78' lang='lat' dir='ltr'>Mutat</span> <span class='ocrx_word' id='word_1_56' title='bbox 745 1079 945 1149; x_wconf 85' lang='lat' dir='ltr'>consilium,</span> <span class='ocrx_word' id='word_1_57' title='bbox 967 1092 1017 1152; x_wconf 81' lang='lat' dir='ltr'>et,</span> <span class='ocrx_word' id='word_1_58' title='bbox 1038 1101 1119 1161; x_wconf 90' lang='lat' dir='ltr'>quo·</span> 
     </span>
     <span class='ocr_line' id='line_1_10' title="bbox 132 1183 1121 1268; baseline -0.001 -20"><span class='ocrx_word' id='word_1_59' title='bbox 132 1188 226 1249; x_wconf 81' lang='lat' dir='ltr'>niam</span> <span class='ocrx_word' id='word_1_60' title='bbox 256 1186 486 1268; x_wconf 79' lang='lat' dir='ltr'>imprudentes</span> <span class='ocrx_word' id='word_1_61' title='bbox 516 1183 639 1246; x_wconf 86' lang='lat' dir='ltr'>adoriri</span> <span class='ocrx_word' id='word_1_62' title='bbox 668 1204 737 1244; x_wconf 91' lang='lat' dir='ltr'>non</span> <span class='ocrx_word' id='word_1_63' title='bbox 768 1198 893 1264; x_wconf 86' lang='lat' dir='ltr'>posset,</span> <span class='ocrx_word' id='word_1_64' title='bbox 927 1183 1032 1245; x_wconf 86' lang='lat' dir='ltr'>ilectit</span> <span class='ocrx_word' id='word_1_65' title='bbox 1058 1183 1121 1248; x_wconf 89' lang='lat' dir='ltr'>iter</span> 
     </span>
     <span class='ocr_line' id='line_1_11' title="bbox 130 1288 1120 1371; baseline 0 -19"><span class='ocrx_word' id='word_1_66' title='bbox 130 1312 251 1364; x_wconf 87' lang='lat' dir='ltr'>suum,</span> <span class='ocrx_word' id='word_1_67' title='bbox 282 1305 315 1352; x_wconf 90' lang='lat' dir='ltr'>et</span> <span class='ocrx_word' id='word_1_68' title='bbox 342 1289 442 1351; x_wconf 89' lang='lat' dir='ltr'>illum</span> <span class='ocrx_word' id='word_1_69' title='bbox 469 1289 657 1351; x_wconf 81' lang='lat' dir='ltr'>anfractum</span> <span class='ocrx_word' id='word_1_70' title='bbox 683 1290 870 1371; x_wconf 81' lang='lat' dir='ltr'>longiorem</span> <span class='ocrx_word' id='word_1_71' title='bbox 891 1288 1032 1371; x_wconf 73' lang='lat' dir='ltr'>copiosas</span> <span class='ocrx_word' id='word_1_72' title='bbox 1055 1289 1120 1352; x_wconf 79' lang='lat' dir='ltr'>viae</span> 
     </span>
    </p>

    <p class='ocr_par' dir='ltr' id='par_1_6' title="bbox 71 1393 1129 1690">
     <span class='ocr_line' id='line_1_12' title="bbox 71 1393 1119 1478; baseline 0 -21"><span class='ocrx_word' id='word_1_73' title='bbox 71 1398 100 1478; x_wconf 58' lang='grc' dir='ltr'><strong>ᾖ</strong></span> <span class='ocrx_word' id='word_1_74' title='bbox 133 1395 235 1478; x_wconf 78' lang='lat' dir='ltr'>capit3</span> <span class='ocrx_word' id='word_1_75' title='bbox 257 1396 373 1476; x_wconf 88' lang='lat' dir='ltr'>ibique</span> <span class='ocrx_word' id='word_1_76' title='bbox 388 1395 477 1457; x_wconf 89' lang='lat' dir='ltr'>diem</span> <span class='ocrx_word' id='word_1_77' title='bbox 494 1415 605 1456; x_wconf 89' lang='lat' dir='ltr'>unum</span> <span class='ocrx_word' id='word_1_78' title='bbox 624 1393 812 1475; x_wconf 84' lang='lat' dir='ltr'>opperitur,</span> <span class='ocrx_word' id='word_1_79' title='bbox 830 1394 871 1456; x_wconf 88' lang='lat' dir='ltr'>ad</span> <span class='ocrx_word' id='word_1_80' title='bbox 886 1394 1119 1457; x_wconf 85' lang='lat' dir='ltr'>lassitudinem</span> 
     </span>
     <span class='ocr_line' id='line_1_13' title="bbox 132 1497 1129 1583; baseline 0 -20"><span class='ocrx_word' id='word_1_81' title='bbox 132 1502 313 1563; x_wconf 84' lang='lat' dir='ltr'>sedandam</span> <span class='ocrx_word' id='word_1_82' title='bbox 335 1499 486 1562; x_wconf 87' lang='lat' dir='ltr'>militum</span> <span class='ocrx_word' id='word_1_83' title='bbox 506 1519 544 1562; x_wconf 87' lang='lat' dir='ltr'>ac</span> <span class='ocrx_word' id='word_1_84' title='bbox 561 1498 740 1561; x_wconf 75' lang='lat' dir='ltr'>reficienda</span> <span class='ocrx_word' id='word_1_85' title='bbox 757 1497 933 1580; x_wconf 85' lang='lat' dir='ltr'>jumenta,</span> <span class='ocrx_word' id='word_1_86' title='bbox 954 1521 1023 1583; x_wconf 91' lang='lat' dir='ltr'>quo</span> <span class='ocrx_word' id='word_1_87' title='bbox 1039 1499 1129 1578; x_wconf 50' lang='lat' dir='ltr'>inte&lt;</span> 
     </span>
     <span class='ocr_line' id='line_1_14' title="bbox 132 1606 633 1690; baseline -0.004 -22"><span class='ocrx_word' id='word_1_88' title='bbox 132 1607 239 1690; x_wconf 80' lang='lat' dir='ltr'>griore</span> <span class='ocrx_word' id='word_1_89' title='bbox 259 1606 408 1669; x_wconf 88' lang='lat' dir='ltr'>exercitu</span> <span class='ocrx_word' id='word_1_90' title='bbox 433 1608 633 1668; x_wconf 87' lang='lat' dir='ltr'>decerneret.</span> 
     </span>
    </p>
   </div>
   <div class='ocr_carea' id='block_1_4' title="bbox 492 1784 702 1857">
    <p class='ocr_par' dir='ltr' id='par_1_7' title="bbox 492 1784 702 1857">
     <span class='ocr_line' id='line_1_15' title="bbox 492 1784 702 1857; baseline -0.014 0"><span class='ocrx_word' id='word_1_91' title='bbox 492 1785 605 1857; x_wconf 80' lang='lat' dir='ltr'>Cns.</span> <span class='ocrx_word' id='word_1_92' title='bbox 654 1784 702 1854; x_wconf 89' lang='lat' dir='ltr'>X.</span> 
     </span>
    </p>
   </div>
   <div class='ocr_carea' id='block_1_5' title="bbox 72 1925 1179 2324">
    <p class='ocr_par' dir='ltr' id='par_1_8' title="bbox 72 1925 1179 2324">
     <span class='ocr_line' id='line_1_16' title="bbox 72 1925 1179 2009; baseline -0.003 -19"><span class='ocrx_word' id='word_1_93' title='bbox 72 1945 101 1991; x_wconf 93' lang='lat'>1.</span> <span class='ocrx_word' id='word_1_94' title='bbox 131 1928 185 1992; x_wconf 83' lang='lat' dir='ltr'>Sic</span> <span class='ocrx_word' id='word_1_95' title='bbox 208 1929 384 1991; x_wconf 86' lang='lat' dir='ltr'>Eumenes</span> <span class='ocrx_word' id='word_1_96' title='bbox 407 1927 571 1990; x_wconf 87' lang='lat' dir='ltr'>callidum</span> <span class='ocrx_word' id='word_1_97' title='bbox 600 1928 834 2009; x_wconf 89' lang='lat' dir='ltr'>imperatorem</span> <span class='ocrx_word' id='word_1_98' title='bbox 856 1926 939 1989; x_wconf 88' lang='lat' dir='ltr'>vicit</span> <span class='ocrx_word' id='word_1_99' title='bbox 959 1925 1121 2003; x_wconf 85' lang='lat' dir='ltr'>consilio,</span> <span class='ocrx_word' id='word_1_100' title='bbox 1177 1983 1179 1987; x_wconf 76' lang='grc'>,</span> 
     </span>
     <span class='ocr_line' id='line_1_17' title="bbox 133 2031 1122 2113; baseline 0.001 -20"><span class='ocrx_word' id='word_1_101' title='bbox 133 2032 405 2111; x_wconf 84' lang='lat' dir='ltr'>celeritatemque</span> <span class='ocrx_word' id='word_1_102' title='bbox 417 2031 597 2112; x_wconf 84' lang='lat' dir='ltr'>impedivit</span> <span class='ocrx_word' id='word_1_103' title='bbox 606 2032 696 2113; x_wconf 79' lang='lat' dir='ltr'>ejus3</span> <span class='ocrx_word' id='word_1_104' title='bbox 717 2053 829 2113; x_wconf 90' lang='lat' dir='ltr'>neque</span> <span class='ocrx_word' id='word_1_105' title='bbox 844 2048 956 2095; x_wconf 90' lang='lat' dir='ltr'>tamen</span> <span class='ocrx_word' id='word_1_106' title='bbox 971 2035 1122 2096; x_wconf 89' lang='lat' dir='ltr'>multum</span> 
     </span>
     <span class='ocr_line' id='line_1_18' title="bbox 74 2136 1121 2220; baseline 0.004 -24"><span class='ocrx_word' id='word_1_107' title='bbox 74 2158 104 2205; x_wconf 80' lang='lat'>2.</span> <span class='ocrx_word' id='word_1_108' title='bbox 135 2137 284 2220; x_wconf 80' lang='lat' dir='ltr'>profecit.</span> <span class='ocrx_word' id='word_1_109' title='bbox 336 2136 425 2197; x_wconf 91' lang='lat' dir='ltr'>Nam</span> <span class='ocrx_word' id='word_1_110' title='bbox 448 2136 579 2198; x_wconf 88' lang='lat' dir='ltr'>invidia</span> <span class='ocrx_word' id='word_1_111' title='bbox 606 2140 753 2214; x_wconf 85' lang='lat' dir='ltr'>ducum,</span> <span class='ocrx_word' id='word_1_112' title='bbox 788 2159 866 2199; x_wconf 89' lang='lat' dir='ltr'>cum</span> <span class='ocrx_word' id='word_1_113' title='bbox 892 2138 1121 2218; x_wconf 71' lang='lat' dir='ltr'>quibuscum,</span> 
     </span>
     <span class='ocr_line' id='line_1_19' title="bbox 134 2241 1122 2324; baseline 0.003 -21"><span class='ocrx_word' id='word_1_114' title='bbox 134 2242 337 2324; x_wconf 85' lang='lat' dir='ltr'>perfidiaque</span> <span class='ocrx_word' id='word_1_115' title='bbox 368 2241 566 2322; x_wconf 88' lang='lat' dir='ltr'>[militum]</span> <span class='ocrx_word' id='word_1_116' title='bbox 605 2244 835 2307; x_wconf 85' lang='lat' dir='ltr'>Macedonum</span> <span class='ocrx_word' id='word_1_117' title='bbox 868 2261 1122 2321; x_wconf 85' lang='lat' dir='ltr'>veteranorum,</span> 
     </span>
    </p>
   </div>
   <div class='ocr_carea' id='block_1_6' title="bbox 73 2417 1124 2645">
    <p class='ocr_par' dir='ltr' id='par_1_9' title="bbox 73 2417 1124 2645">
     <span class='ocr_line' id='line_1_20' title="bbox 73 2417 1124 2491; baseline 0.001 -19"><span class='ocrx_word' id='word_1_118' title='bbox 73 2418 169 2472; x_wconf 78' lang='lat' dir='ltr'>wiihnt</span> <span class='ocrx_word' id='word_1_119' title='bbox 188 2417 299 2479; x_wconf 81' lang='lat' dir='ltr'>werde,</span> <span class='ocrx_word' id='word_1_120' title='bbox 318 2417 388 2471; x_wconf 81' lang='lat' dir='ltr'>rhun</span> <span class='ocrx_word' id='word_1_121' title='bbox 406 2423 468 2471; x_wconf 84' lang='lat' dir='ltr'>eine</span> <span class='ocrx_word' id='word_1_122' title='bbox 487 2419 552 2472; x_wconf 82' lang='lat' dir='ltr'>sehr</span> <span class='ocrx_word' id='word_1_123' title='bbox 564 2430 689 2474; x_wconf 71' lang='lat' dir='ltr'>unusne</span> <span class='ocrx_word' id='word_1_124' title='bbox 703 2422 799 2491; x_wconf 77' lang='lat' dir='ltr'>Frage.</span> <span class='ocrx_word' id='word_1_125' title='bbox 837 2421 883 2475; x_wconf 88' lang='lat' dir='ltr'>Sie</span> <span class='ocrx_word' id='word_1_126' title='bbox 893 2419 984 2474; x_wconf 83' lang='lat' dir='ltr'>haben</span> <span class='ocrx_word' id='word_1_127' title='bbox 997 2420 1051 2474; x_wconf 89' lang='lat' dir='ltr'>den</span> <span class='ocrx_word' id='word_1_128' title='bbox 1064 2422 1124 2475; x_wconf 86' lang='lat' dir='ltr'>Ge·</span> 
     </span>
     <span class='ocr_line' id='line_1_21' title="bbox 73 2504 1122 2575; baseline 0.004 -20"><span class='ocrx_word' id='word_1_129' title='bbox 73 2506 181 2556; x_wconf 82' lang='lat' dir='ltr'>brouclt</span> <span class='ocrx_word' id='word_1_130' title='bbox 204 2504 254 2556; x_wconf 85' lang='lat' dir='ltr'>der</span> <span class='ocrx_word' id='word_1_131' title='bbox 280 2508 383 2557; x_wconf 80' lang='lat' dir='ltr'>lto&#39;mer</span> <span class='ocrx_word' id='word_1_132' title='bbox 409 2522 460 2556; x_wconf 87' lang='lat' dir='ltr'>vor</span> <span class='ocrx_word' id='word_1_133' title='bbox 485 2509 601 2574; x_wconf 79' lang='lat' dir='ltr'>Augen,</span> <span class='ocrx_word' id='word_1_134' title='bbox 619 2507 678 2558; x_wconf 89' lang='lat' dir='ltr'>und</span> <span class='ocrx_word' id='word_1_135' title='bbox 702 2523 867 2575; x_wconf 82' lang='lat' dir='ltr'>sergessen,</span> <span class='ocrx_word' id='word_1_136' title='bbox 894 2506 955 2559; x_wconf 79' lang='lat' dir='ltr'>dass</span> <span class='ocrx_word' id='word_1_137' title='bbox 977 2508 1040 2559; x_wconf 84' lang='lat' dir='ltr'>hier</span> <span class='ocrx_word' id='word_1_138' title='bbox 1065 2524 1122 2560; x_wconf 83' lang='lat' dir='ltr'>von</span> 
     </span>
     <span class='ocr_line' id='line_1_22' title="bbox 76 2589 580 2645; baseline 0.004 -3"><span class='ocrx_word' id='word_1_139' title='bbox 76 2589 273 2642; x_wconf 82' lang='lat' dir='ltr'>Griechitchcr</span> <span class='ocrx_word' id='word_1_140' title='bbox 290 2589 360 2641; x_wconf 87' lang='lat' dir='ltr'>Sitte</span> <span class='ocrx_word' id='word_1_141' title='bbox 378 2589 423 2642; x_wconf 87' lang='lat' dir='ltr'>dle</span> <span class='ocrx_word' id='word_1_142' title='bbox 441 2589 515 2642; x_wconf 71' lang='lat' dir='ltr'>lisele</span> <span class='ocrx_word' id='word_1_143' title='bbox 534 2595 580 2645; x_wconf 82' lang='lat' dir='ltr'>ist.</span> 
     </span>
    </p>
   </div>
   <div class='ocr_carea' id='block_1_7' title="bbox 106 2726 1026 2801">
    <p class='ocr_par' dir='ltr' id='par_1_10' title="bbox 106 2726 1026 2801">
     <span class='ocr_line' id='line_1_23' title="bbox 106 2726 1026 2801; baseline 0.007 -20"><span class='ocrx_word' id='word_1_144' title='bbox 106 2726 134 2782; x_wconf 89' lang='grc'>6.</span> <span class='ocrx_word' id='word_1_145' title='bbox 164 2734 301 2798; x_wconf 79' lang='lat' dir='ltr'>qreom‘om</span> <span class='ocrx_word' id='word_1_146' title='bbox 318 2757 353 2771; x_wconf 97' lang='lat'>-</span> <span class='ocrx_word' id='word_1_147' title='bbox 370 2747 429 2786; x_wconf 80' lang='lat' dir='ltr'>non</span> <span class='ocrx_word' id='word_1_148' title='bbox 444 2728 560 2799; x_wconf 75' lang='lat' dir='ltr'>posset]</span> <span class='ocrx_word' id='word_1_149' title='bbox 597 2730 660 2801; x_wconf 74' lang='lat' dir='ltr'>Vgl.</span> <span class='ocrx_word' id='word_1_150' title='bbox 679 2750 714 2784; x_wconf 81' lang='lat' dir='ltr'>su</span> <span class='ocrx_word' id='word_1_151' title='bbox 734 2731 893 2785; x_wconf 81' lang='lat' dir='ltr'>Miltiades</span> <span class='ocrx_word' id='word_1_152' title='bbox 908 2733 980 2796; x_wconf 86' lang='lat' dir='ltr'>Vll,</span> <span class='ocrx_word' id='word_1_153' title='bbox 999 2743 1026 2797; x_wconf 87' lang='lat'>5.</span> 
     </span>
    </p>
   </div>
   <div class='ocr_carea' id='block_1_8' title="bbox 73 2840 1177 3248">
    <p class='ocr_par' dir='ltr' id='par_1_11' title="bbox 73 2840 1177 3248">
     <span class='ocr_line' id='line_1_24' title="bbox 160 2840 1122 2910; baseline 0.004 -21"><span class='ocrx_word' id='word_1_154' title='bbox 160 2845 320 2907; x_wconf 78' lang='lat' dir='ltr'>integriore</span> <span class='ocrx_word' id='word_1_155' title='bbox 340 2840 489 2910; x_wconf 73' lang='lat' dir='ltr'>exercitu]</span> <span class='ocrx_word' id='word_1_156' title='bbox 525 2843 648 2907; x_wconf 77' lang='lat' dir='ltr'>Integer</span> <span class='ocrx_word' id='word_1_157' title='bbox 667 2845 702 2891; x_wconf 88' lang='lat' dir='ltr'>ist</span> <span class='ocrx_word' id='word_1_158' title='bbox 718 2857 747 2890; x_wconf 76' lang='lat' dir='ltr'>so</span> <span class='ocrx_word' id='word_1_159' title='bbox 764 2842 818 2891; x_wconf 74' lang='lat' dir='ltr'>viel</span> <span class='ocrx_word' id='word_1_160' title='bbox 837 2841 879 2891; x_wconf 84' lang='lat' dir='ltr'>als</span> <span class='ocrx_word' id='word_1_161' title='bbox 898 2844 1047 2904; x_wconf 77' lang='lat' dir='ltr'>intactus,</span> <span class='ocrx_word' id='word_1_162' title='bbox 1065 2856 1122 2893; x_wconf 78' lang='lat' dir='ltr'>was</span> 
     </span>
     <span class='ocr_line' id='line_1_25' title="bbox 76 2923 1123 2993; baseline 0.001 -19"><span class='ocrx_word' id='word_1_163' title='bbox 76 2923 148 2975; x_wconf 85' lang='lat' dir='ltr'>noch</span> <span class='ocrx_word' id='word_1_164' title='bbox 175 2930 204 2974; x_wconf 89' lang='lat' dir='ltr'>in</span> <span class='ocrx_word' id='word_1_165' title='bbox 227 2930 333 2976; x_wconf 85' lang='lat' dir='ltr'>seinem</span> <span class='ocrx_word' id='word_1_166' title='bbox 356 2926 498 2976; x_wconf 78' lang='lat' dir='ltr'>naturliclt</span> <span class='ocrx_word' id='word_1_167' title='bbox 526 2939 612 2992; x_wconf 79' lang='lat' dir='ltr'>guten</span> <span class='ocrx_word' id='word_1_168' title='bbox 634 2924 777 2976; x_wconf 82' lang='lat' dir='ltr'>Zuetondc</span> <span class='ocrx_word' id='word_1_169' title='bbox 804 2930 856 2987; x_wconf 81' lang='lat' dir='ltr'>ist,</span> <span class='ocrx_word' id='word_1_170' title='bbox 887 2924 1005 2993; x_wconf 80' lang='lat' dir='ltr'>solgliclr</span> <span class='ocrx_word' id='word_1_171' title='bbox 1031 2944 1123 2992; x_wconf 74' lang='lat' dir='ltr'>unge-</span> 
     </span>
     <span class='ocr_line' id='line_1_26' title="bbox 75 3007 1125 3080; baseline 0.006 -22"><span class='ocrx_word' id='word_1_172' title='bbox 75 3008 241 3074; x_wconf 66' lang='lat' dir='ltr'>eclrn&#39;aclrt,</span> <span class='ocrx_word' id='word_1_173' title='bbox 276 3011 329 3080; x_wconf 77' lang='lat' dir='ltr'>bey</span> <span class='ocrx_word' id='word_1_174' title='bbox 348 3011 448 3059; x_wconf 81' lang='lat' dir='ltr'>vollen</span> <span class='ocrx_word' id='word_1_175' title='bbox 468 3007 617 3078; x_wconf 57' lang='lat' dir='ltr'>Krdfteffi</span> <span class='ocrx_word' id='word_1_176' title='bbox 647 3007 724 3057; x_wconf 83' lang='lat' dir='ltr'>dsnn</span> <span class='ocrx_word' id='word_1_177' title='bbox 741 3009 899 3078; x_wconf 72' lang='lat' dir='ltr'>uberhaupt</span> <span class='ocrx_word' id='word_1_178' title='bbox 917 3014 1009 3063; x_wconf 68' lang='lat' dir='ltr'>stari.</span> <span class='ocrx_word' id='word_1_179' title='bbox 1055 3012 1125 3067; x_wconf 86' lang='lat' dir='ltr'>lliet·</span> 
     </span>
     <span class='ocr_line' id='line_1_27' title="bbox 73 3092 1177 3161; baseline 0.005 -16"><span class='ocrx_word' id='word_1_180' title='bbox 73 3111 168 3146; x_wconf 80' lang='lat' dir='ltr'>waren</span> <span class='ocrx_word' id='word_1_181' title='bbox 187 3094 232 3144; x_wconf 86' lang='lat' dir='ltr'>die</span> <span class='ocrx_word' id='word_1_182' title='bbox 250 3094 384 3161; x_wconf 87' lang='lat' dir='ltr'>Truppen</span> <span class='ocrx_word' id='word_1_183' title='bbox 404 3092 524 3161; x_wconf 76' lang='lat' dir='ltr'>sreylieh</span> <span class='ocrx_word' id='word_1_184' title='bbox 546 3098 584 3142; x_wconf 88' lang='lat' dir='ltr'>im</span> <span class='ocrx_word' id='word_1_185' title='bbox 604 3106 733 3158; x_wconf 82' lang='lat' dir='ltr'>strengeu</span> <span class='ocrx_word' id='word_1_186' title='bbox 751 3093 836 3145; x_wconf 88' lang='lat' dir='ltr'>Sinue</span> <span class='ocrx_word' id='word_1_187' title='bbox 851 3094 1029 3149; x_wconf 78' lang='lat' dir='ltr'>dcsW0rtee</span> <span class='ocrx_word' id='word_1_188' title='bbox 1044 3099 1123 3151; x_wconf 81' lang='lat' dir='ltr'>nicht</span> <span class='ocrx_word' id='word_1_189' title='bbox 1173 3120 1177 3127; x_wconf 92' lang='lat'>·</span> 
     </span>
     <span class='ocr_line' id='line_1_28' title="bbox 75 3174 1123 3248; baseline 0.009 -18"><span class='ocrx_word' id='word_1_190' title='bbox 75 3180 267 3248; x_wconf 76' lang='lat' dir='ltr'>geschtviich13</span> <span class='ocrx_word' id='word_1_191' title='bbox 301 3181 368 3227; x_wconf 83' lang='lat' dir='ltr'>aber</span> <span class='ocrx_word' id='word_1_192' title='bbox 393 3180 434 3227; x_wconf 83' lang='lat' dir='ltr'>sie</span> <span class='ocrx_word' id='word_1_193' title='bbox 454 3176 556 3228; x_wconf 76' lang='lat' dir='ltr'>sollten</span> <span class='ocrx_word' id='word_1_194' title='bbox 578 3174 650 3228; x_wconf 88' lang='lat' dir='ltr'>doch</span> <span class='ocrx_word' id='word_1_195' title='bbox 668 3179 729 3228; x_wconf 84' lang='lat' dir='ltr'>ihre</span> <span class='ocrx_word' id='word_1_196' title='bbox 747 3178 845 3231; x_wconf 76' lang='lat' dir='ltr'>Krlilte</span> <span class='ocrx_word' id='word_1_197' title='bbox 864 3180 969 3232; x_wconf 79' lang='lat' dir='ltr'>wieder</span> <span class='ocrx_word' id='word_1_198' title='bbox 986 3183 1123 3239; x_wconf 79' lang='lat' dir='ltr'>erhalten.</span> 
     </span>
    </p>
   </div>
   <div class='ocr_carea' id='block_1_9' title="bbox 74 3315 1183 3640">
    <p class='ocr_par' dir='ltr' id='par_1_12' title="bbox 74 3315 1183 3640">
     <span class='ocr_line' id='line_1_29' title="bbox 109 3315 1183 3393; baseline 0.005 -25"><span class='ocrx_word' id='word_1_199' title='bbox 109 3318 146 3370; x_wconf 86' lang='lat' dir='ltr'>X.</span> <span class='ocrx_word' id='word_1_200' title='bbox 186 3337 209 3369; x_wconf 92' lang='lat' dir='ltr'>r.</span> <span class='ocrx_word' id='word_1_201' title='bbox 235 3318 283 3368; x_wconf 90' lang='lat' dir='ltr'>Sic</span> <span class='ocrx_word' id='word_1_202' title='bbox 308 3315 464 3385; x_wconf 80' lang='lat' dir='ltr'>Eumenes]</span> <span class='ocrx_word' id='word_1_203' title='bbox 510 3317 561 3370; x_wconf 87' lang='lat' dir='ltr'>Iclt</span> <span class='ocrx_word' id='word_1_204' title='bbox 583 3316 653 3370; x_wconf 73' lang='lat' dir='ltr'>hehe</span> <span class='ocrx_word' id='word_1_205' title='bbox 678 3317 849 3393; x_wconf 64' lang='lat' dir='ltr'>llousingers</span> <span class='ocrx_word' id='word_1_206' title='bbox 868 3321 1067 3392; x_wconf 77' lang='lat' dir='ltr'>Vermuthung</span> <span class='ocrx_word' id='word_1_207' title='bbox 1090 3330 1121 3377; x_wconf 85' lang='lat' dir='ltr'>iu</span> <span class='ocrx_word' id='word_1_208' title='bbox 1180 3367 1183 3373; x_wconf 78' lang='grc'><strong><em>,</em></strong></span> 
     </span>
     <span class='ocr_line' id='line_1_30' title="bbox 75 3400 1123 3470; baseline 0.01 -17"><span class='ocrx_word' id='word_1_209' title='bbox 75 3400 129 3453; x_wconf 84' lang='lat' dir='ltr'>deu</span> <span class='ocrx_word' id='word_1_210' title='bbox 152 3403 223 3453; x_wconf 86' lang='lat' dir='ltr'>Text</span> <span class='ocrx_word' id='word_1_211' title='bbox 248 3401 475 3470; x_wconf 78' lang='lat' dir='ltr'>aulgenommeu.</span> <span class='ocrx_word' id='word_1_212' title='bbox 527 3403 712 3456; x_wconf 79' lang='lat' dir='ltr'>Gewiihnlicb</span> <span class='ocrx_word' id='word_1_213' title='bbox 736 3404 807 3457; x_wconf 77' lang='lat' dir='ltr'>liePt</span> <span class='ocrx_word' id='word_1_214' title='bbox 832 3424 898 3458; x_wconf 85' lang='lat' dir='ltr'>man</span> <span class='ocrx_word' id='word_1_215' title='bbox 923 3407 979 3462; x_wconf 79' lang='lat' dir='ltr'>hic.</span> <span class='ocrx_word' id='word_1_216' title='bbox 1026 3410 1123 3464; x_wconf 80' lang='lat' dir='ltr'>Alleiu</span> 
     </span>
     <span class='ocr_line' id='line_1_31' title="bbox 75 3486 1124 3560; baseline 0.01 -22"><span class='ocrx_word' id='word_1_217' title='bbox 75 3486 169 3541; x_wconf 80' lang='lat' dir='ltr'>weder</span> <span class='ocrx_word' id='word_1_218' title='bbox 194 3488 234 3539; x_wconf 77' lang='lat' dir='ltr'>ale</span> <span class='ocrx_word' id='word_1_219' title='bbox 261 3489 436 3551; x_wconf 73' lang='lat' dir='ltr'>Pronum,</span> <span class='ocrx_word' id='word_1_220' title='bbox 469 3488 543 3540; x_wconf 88' lang='lat' dir='ltr'>noch</span> <span class='ocrx_word' id='word_1_221' title='bbox 568 3489 610 3542; x_wconf 78' lang='lat' dir='ltr'>ele</span> <span class='ocrx_word' id='word_1_222' title='bbox 636 3488 808 3543; x_wconf 78' lang='lat' dir='ltr'>Aduerbium</span> <span class='ocrx_word' id='word_1_223' title='bbox 835 3492 892 3560; x_wconf 80' lang='lat' dir='ltr'>gibt</span> <span class='ocrx_word' id='word_1_224' title='bbox 917 3493 1007 3546; x_wconf 86' lang='lat' dir='ltr'>dieses</span> <span class='ocrx_word' id='word_1_225' title='bbox 1033 3495 1124 3553; x_wconf 83' lang='lat' dir='ltr'>Wort</span> 
     </span>
     <span class='ocr_line' id='line_1_32' title="bbox 74 3573 1122 3640; baseline 0.009 -15"><span class='ocrx_word' id='word_1_226' title='bbox 74 3573 138 3630; x_wconf 82' lang='lat' dir='ltr'>hier</span> <span class='ocrx_word' id='word_1_227' title='bbox 156 3578 237 3624; x_wconf 88' lang='lat' dir='ltr'>einen</span> <span class='ocrx_word' id='word_1_228' title='bbox 257 3573 444 3640; x_wconf 74' lang='lat' dir='ltr'>ertriiglicheu</span> <span class='ocrx_word' id='word_1_229' title='bbox 464 3575 543 3628; x_wconf 79' lang='lat' dir='ltr'>Sino.</span> <span class='ocrx_word' id='word_1_230' title='bbox 591 3576 739 3628; x_wconf 80' lang='lat' dir='ltr'>Cornelius</span> <span class='ocrx_word' id='word_1_231' title='bbox 760 3579 855 3631; x_wconf 81' lang='lat' dir='ltr'>macht</span> <span class='ocrx_word' id='word_1_232' title='bbox 875 3583 937 3632; x_wconf 81' lang='lat' dir='ltr'>siue</span> <span class='ocrx_word' id='word_1_233' title='bbox 956 3581 1122 3634; x_wconf 82' lang='lat' dir='ltr'>Schlussbe·</span> 
     </span>
    </p>
   </div>
   <div class='ocr_carea' id='block_1_10' title="bbox 75 3659 1123 3811">
    <p class='ocr_par' dir='ltr' id='par_1_13' title="bbox 75 3659 1123 3811">
     <span class='ocr_line' id='line_1_33' title="bbox 75 3659 1123 3739; baseline 0.01 -29"><span class='ocrx_word' id='word_1_234' title='bbox 75 3661 215 3727; x_wconf 78' lang='lat' dir='ltr'>merltung</span> <span class='ocrx_word' id='word_1_235' title='bbox 240 3676 290 3710; x_wconf 78' lang='lat' dir='ltr'>aus</span> <span class='ocrx_word' id='word_1_236' title='bbox 316 3659 379 3710; x_wconf 83' lang='lat' dir='ltr'>dem</span> <span class='ocrx_word' id='word_1_237' title='bbox 402 3659 673 3728; x_wconf 83' lang='lat' dir='ltr'>Vorltergeheuden‚</span> <span class='ocrx_word' id='word_1_238' title='bbox 705 3661 763 3715; x_wconf 90' lang='lat' dir='ltr'>und</span> <span class='ocrx_word' id='word_1_239' title='bbox 789 3662 825 3717; x_wconf 75' lang='lat' dir='ltr'>da</span> <span class='ocrx_word' id='word_1_240' title='bbox 845 3665 920 3719; x_wconf 80' lang='lat' dir='ltr'>tuuis</span> <span class='ocrx_word' id='word_1_241' title='bbox 941 3668 1123 3739; x_wconf 78' lang='lat' dir='ltr'>nothrreudig</span> 
     </span>
     <span class='ocr_line' id='line_1_34' title="bbox 75 3742 521 3811; baseline 0.004 -16"><span class='ocrx_word' id='word_1_242' title='bbox 75 3751 137 3811; x_wconf 81' lang='lat' dir='ltr'>sic,</span> <span class='ocrx_word' id='word_1_243' title='bbox 156 3749 175 3796; x_wconf 88' lang='lat' dir='ltr'>i.</span> <span class='ocrx_word' id='word_1_244' title='bbox 194 3763 218 3797; x_wconf 88' lang='lat' dir='ltr'>e.</span> <span class='ocrx_word' id='word_1_245' title='bbox 236 3745 289 3795; x_wconf 80' lang='lat' dir='ltr'>leoc</span> <span class='ocrx_word' id='word_1_246' title='bbox 311 3742 394 3794; x_wconf 83' lang='lat' dir='ltr'>modo</span> <span class='ocrx_word' id='word_1_247' title='bbox 415 3748 521 3798; x_wconf 83' lang='lat' dir='ltr'>stelrcn.</span> 
     </span>
    </p>
   </div>
   <div class='ocr_carea' id='block_1_11' title="bbox 76 3864 1123 4046">
    <p class='ocr_par' dir='ltr' id='par_1_14' title="bbox 76 3864 1123 4046">
     <span class='ocr_line' id='line_1_35' title="bbox 113 3864 1123 3957; baseline 0.011 -20"><span class='ocrx_word' id='word_1_248' title='bbox 113 3905 138 3937; x_wconf 85' lang='lat'>2.</span> <span class='ocrx_word' id='word_1_249' title='bbox 167 3883 340 3957; x_wconf 73' lang='lat' dir='ltr'>[militumss</span> <span class='ocrx_word' id='word_1_250' title='bbox 385 3884 454 3936; x_wconf 82' lang='lat' dir='ltr'>Dass</span> <span class='ocrx_word' id='word_1_251' title='bbox 477 3864 567 3938; x_wconf 75' lang='lat' dir='ltr'>elieser</span> <span class='ocrx_word' id='word_1_252' title='bbox 588 3887 692 3951; x_wconf 86' lang='lat' dir='ltr'>Wort‚</span> <span class='ocrx_word' id='word_1_253' title='bbox 722 3888 842 3943; x_wconf 79' lang='lat' dir='ltr'>welches</span> <span class='ocrx_word' id='word_1_254' title='bbox 866 3896 896 3943; x_wconf 86' lang='lat' dir='ltr'>in</span> <span class='ocrx_word' id='word_1_255' title='bbox 915 3891 969 3945; x_wconf 91' lang='lat' dir='ltr'>deu</span> <span class='ocrx_word' id='word_1_256' title='bbox 992 3892 1123 3949; x_wconf 73' lang='lat' dir='ltr'>nehem</span> 
     </span>
     <span class='ocr_line' id='line_1_36' title="bbox 76 3971 1121 4046; baseline 0.011 -23"><span class='ocrx_word' id='word_1_257' title='bbox 76 3971 296 4024; x_wconf 79' lang='lat' dir='ltr'>llau&#39;dscltrilten</span> <span class='ocrx_word' id='word_1_258' title='bbox 314 3973 403 4034; x_wconf 79' lang='lat' dir='ltr'>steht,</span> <span class='ocrx_word' id='word_1_259' title='bbox 424 3973 525 4023; x_wconf 86' lang='lat' dir='ltr'>unecht</span> <span class='ocrx_word' id='word_1_260' title='bbox 542 3989 606 4044; x_wconf 80' lang='lat' dir='ltr'>sey,</span> <span class='ocrx_word' id='word_1_261' title='bbox 624 3979 696 4044; x_wconf 82' lang='lat' dir='ltr'>eeigt</span> <span class='ocrx_word' id='word_1_262' title='bbox 713 3973 758 4027; x_wconf 89' lang='lat' dir='ltr'>die</span> <span class='ocrx_word' id='word_1_263' title='bbox 775 3975 913 4046; x_wconf 84' lang='lat' dir='ltr'>Stellung.</span> <span class='ocrx_word' id='word_1_264' title='bbox 948 3979 1018 4031; x_wconf 83' lang='lat' dir='ltr'>Man</span> <span class='ocrx_word' id='word_1_265' title='bbox 1036 3980 1121 4035; x_wconf 83' lang='lat' dir='ltr'>findet</span> 
     </span>
    </p>
   </div>
   <div class='ocr_carea' id='block_1_12' title="bbox 78 4058 1121 4131">
    <p class='ocr_par' dir='ltr' id='par_1_15' title="bbox 78 4058 1121 4131">
     <span class='ocr_line' id='line_1_37' title="bbox 78 4058 1121 4131; baseline 0.01 -20"><span class='ocrx_word' id='word_1_266' title='bbox 78 4058 153 4112; x_wconf 79' lang='lat' dir='ltr'>&#39;suar</span> <span class='ocrx_word' id='word_1_267' title='bbox 170 4059 251 4115; x_wconf 76' lang='lat' dir='ltr'>miles</span> <span class='ocrx_word' id='word_1_268' title='bbox 275 4058 328 4131; x_wconf 75' lang='lat' dir='ltr'>bey</span> <span class='ocrx_word' id='word_1_269' title='bbox 346 4065 507 4112; x_wconf 77' lang='lat' dir='ltr'>ueteranus</span> <span class='ocrx_word' id='word_1_270' title='bbox 526 4058 661 4114; x_wconf 74' lang='lat' dir='ltr'>sustelleu</span> <span class='ocrx_word' id='word_1_271' title='bbox 679 4076 847 4130; x_wconf 70' lang='lat' dir='ltr'>surgentes.</span> <span class='ocrx_word' id='word_1_272' title='bbox 891 4063 967 4122; x_wconf 71' lang='lat' dir='ltr'>Abte</span> <span class='ocrx_word' id='word_1_273' title='bbox 987 4070 1121 4123; x_wconf 72' lang='lat' dir='ltr'>meissen·</span> 
     </span>
    </p>
   </div>
   <div class='ocr_carea' id='block_1_13' title="bbox 0 0 1373 4838">
    <p class='ocr_par' dir='ltr' id='par_1_16' title="bbox 0 0 1373 4838">
     <span class='ocr_line' id='line_1_38' title="bbox 0 0 1373 4838; baseline 0 0"><span class='ocrx_word' id='word_1_274' title='bbox 0 0 1373 4838; x_wconf 95' lang='lat' dir='ltr'> </span> 
     </span>
    </p>
   </div>
  </div>
 </body>
</html>
