2722 4838
150 270 212 335 tio
408 267 481 329 IX.
502 266 623 328 Conon.
664 262 742 346 Cup.
760 264 849 356 HL
869 267 943 330 IV.

216 421 272 494 rit,
303 418 660 499 potius‘bnrbnrorum,
694 435 792 493 quam
821 417 927 491 iilius,
960 437 1046 481 more
1067 420 1205 502 fungar.

213 526 350 605 ltaque,
372 541 448 603 quae
468 521 618 594 volebat,
638 517 719 581 huic
741 521 860 603 scripta
881 522 1026 584 tradidit.

517 706 520 711 ’
570 724 674 794 Cirr.
724 725 788 796 lV.
834 741 842 764 ·

155 888 184 936 r·
215 869 351 958 Quibus
373 866 529 952 cognitis,
549 865 627 927 Rex
649 870 989 962 tantum-auctoritate
1003 870 1074 952 ejus
1091 891 1205 936 motus

212 990 280 1052 est,
310 990 350 1037 ut
367 962 624 1053 Tisiaphernet'n
648 970 780 1034 hostem
803 974 1017 1053 iudicaverit,
1051 995 1084 1042 et
1103 981 1204 1041 Lace·

212 1079 398 1143 daemonios
416 1077 507 1138 bello
530 1074 683 1155 persequi
704 1076 859 1158 jusserit,
894 1081 977 1144 etei
996 1084 1200 1165 permiserit,

210 1204 313 1266 quem
339 1181 466 1256 vellet,
503 1179 625 1260 eligere
650 1181 692 1242 ad
723 1183 982 1264 dispensandam
1009 1190 1200 1270 pecuniam.

212 1290 261 1352 Id
277 1289 437 1350 arbitrium
453 1285 574 1371 Conon
585 1288 715 1363 'negavit
732 1290 781 1348 sui
795 1306 856 1348 esre
872 1293 1009 1366 consilii,
1027 1296 1081 1355 sed
1095 1298 1195 1376 ipsius,

154 1436 158 1444 ·
212 1397 268 1476 qui
286 1396 397 1475 optime
416 1411 488 1453 snos
509 1411 593 1452 nosse
611 1391 745 1464 deberem
767 1394 820 1453 red
837 1398 1029 1469 retundere,
1050 1399 1196 1459 Pharna-

175 1543 184 1565 .
213 1500 290 1561 bozo
312 1500 344 1559 id
365 1500 477 1580 negotii
498 1498 593 1558 dotet.
646 1494 745 1559 Hinc
764 1498 895 1582 magnis
917 1500 1116 1562 muneribus
1141 1503 1197 1563 do-

212 1617 311 1668 natus
331 1605 374 1666 ad
394 1622 483 1666 mare
497 1615 545 1663 est
559 1601 696 1678 missus,
717 1616 758 1666 ut
772 1603 899 1686 Cypriis
919 1619 951 1666 et
963 1603 1195 1682 Phoenicibus,

213 1709 396 1791 ceterisque
417 1706 592 1772 maritimis
614 1707 808 1772 civitatibus
828 1727 929 1771 naves
951 1709 1065 1794 longas
1093 1712 1197 1792 impe-

212 1829 314 1892 raret,
348 1818 571 1895 classemque,
605 1834 673 1897 qua
695 1816 851 1903 proxima
870 1830 978 1878 aestate
998 1794 1092 1878 mare*
1108 1817 1197 1879 tueri

212 1940 336 2006 posset,
357 1935 572 2008 compararet:
597 1922 674 1985 dato
694 1921 845 2004 adjutore
856 1920 1088 1996 Pharnabazo,
1109 1920 1198 1982 sicut

151 2029 184 2094 3.
213 2028 283 2112 ipse
302 2030 467 2095 voluerat.
506 2028 550 2090 Id
572 2041 610 2090 ut
627 2028 892 2092 Lacedaemoniis
912 2041 961 2091 est
982 2011 1195 2101 nuntiatum,

213 2156 287 2197 non
307 2134 383 2197 siue
401 2155 481 2205 ¹cura
501 2153 570 2193 rem
591 2131 882 2207 administratum,
904 2134 998 2213 quod
1011 2131 1118 2214 majus
1133 2133 1198 2193 bel·

213 2239 289 2300 lum
309 2236 488 2298 imminere
507 2233 764 2307 arbitrabantur,
785 2257 888 2314 quam
908 2237 939 2299 si
959 2258 1037 2299 cum
1053 2237 1198 2298 Barbnro

211 2341 324 2401 solum
343 2337 595 2397 contenderent.
648 2333 739 2394 Nam
769 2337 895 2418 ducem,
921 2340 1040 2403 fortem
1067 2357 1100 2404 et
1123 2363 1199 2423 pru·

211 2441 347 2499 dentem
370 2434 485 2517 Regiis
506 2433 625 2512 opibus
646 2435 882 2516 praefuturum,
904 2464 940 2502 ac
962 2465 1075 2506 secum
1101 2446 1198 2525 dimi·

211 2553 363 2598 caturum
390 2536 560 2606 videbant,
580 2552 681 2611 quem
712 2558 824 2618 neque
845 2543 987 2637 consilio
1010 2567 1123 2624 neque
1144 2568 1196 2607 co·

141 2654 181 2722 4.
211 2639 275 2722 piis
294 2656 446 2718 superare
468 2629 609 2715 posseni.
648 2636 726 2699 Hac
751 2657 864 2704 mente
887 2664 1042 2725 magnam
1068 2663 1196 2710 contra·

209 2746 298 2809 hunt
326 2743 474 2812 classem3
508 2728 762 2821 proficiscuntur
782 2745 944 2808 Pisandro
967 2748 1064 2811 duce.
1117 2752 1194 2814 Hos

212 2851 333 2912 Conon
357 2846 445 2928 apud
471 2845 621 2908 Cnidum
644 2847 779 2910 adortus
804 2870 925 2935 magno
948 2855 1065 2934 proelio
1089 2857 1191 2941 fugat,

210 2953 333 3015 multas
355 2972 457 3015 naves
475 2951 578 3036 capit,
599 2954 786 3037 complures
807 2956 975 3037 depritru‘t.
1027 2959 1106 3047 Qua
1127 2964 1195 3024 vic·

212 3057 296 3118 toria
319 3040 390 3119 noti
410 3060 521 3119 solum
536 3058 699 3133 Athenae,
720 3060 778 3123 sed
799 3060 899 3123 etiam
922 3077 1043 3126 cuncta
1058 3066 1192 3142 Graecin,

210 3181 284 3240 quae
308 3167 371 3224 sub
392 3164 724 3226 Laoedaemoniorum
750 3165 856 3228 fuerat
877 3168 1034 3250 imperio,
1056 3172 1192 3237 liberata

149 3266 181 3328 ⁵.
211 3281 268 3325 est.
321 3268 442 3329 Conon
472 3287 550 3327 cunr
575 3283 664 3349 parte
694 3272 835 3332 navium
863 3272 900 3334 in
921 3250 1064 3356 patriam
1082 3280 1193 3341 venit:

209 3389 325 3432 mut-ns
336 3373 492 3435 dirutosa
511 3372 700 3454 Lysandro,
716 3389 875 3456 utrosque
888 3392 922 3454 et
933 3378 1033 3442 Piraei
1044 3395 1077 3445 et
1090 3382 1195 3446 Athe·

183 3565 233 3620 lV.
274 3589 297 3621 t.
317 3568 358 3621 ad
374 3568 599 3639 dispensandam
614 3576 785 3649 pecuniam]
833 3577 1013 3649 Dispensm
1028 3589 1065 3638 ῑη
1085 3591 1193 3654 pigent.

147 3644 208 3703 lton
226 3655 397 3708 verther'len.
432 3655 515 3706 zuar
532 3655 603 3708 wird
623 3675 652 3709 er
673 3664 752 3715 nicht
772 3683 827 3718 ron
847 3667 923 3737 jeder·
939 3670 1124 3741 Vertheilung
1143 3688 1194 3741 ge-

147 3728 284 3802 breucitt,
314 3739 436 3792 sondern
454 3757 510 3791 nur
534 3757 590 3791 von
608 3746 687 3796 einer·
709 3748 840 3816 toletan,
868 3772 912 3805 wo
928 3755 1005 3824 jeder
1023 3761 1121 3808 seim
1143 3759 1193 3808 be.

112 3836 120 3845 ·
147 3827 315 3886 mmmm,
342 3824 501 3891 geltorigen
521 3823 604 3876 Tdss'l
622 3825 775 3887 bekommt.
828 3838 896 3891 Hier
917 3841 991 3892 steht
1015 3857 1044 3892 et
1069 3846 1097 3892 in
1116 3846 1194 3893 einer

148 3916 236 3957 etwas
255 3908 471 3978 weitliiusrigeru
490 3901 670 3979 Bedeutuog,
700 3917 759 3968 und
777 3919 893 3976 umsnsrt
909 3924 955 3976 die
972 3941 1068 3992 gaure
1088 3926 1192 3979 ΒΜΓ.

149 3996 234 4052 {ung
252 3989 304 4041 der
320 3994 547 4059 linires-Cum,
567 3992 616 4048 dar
635 3996 811 4066 §innehmen
826 4007 882 4061 und
894 4009 1064 4078 Augeten,
1082 4026 1111 4065 tt.
1121 4024 1143 4059 ι.
1154 4026 1190 4062 tr.

643 4080 660 4113 *0
