2722 4838
148 328 191 391 fio
401 325 475 390 IV.
494 325 683 392 Prasstilos.
724 327 802 411 Cep.
822 328 860 394 1.
877 329 942 393 11.-

210 475 388 559 cupiscere.
427 476 492 539 Sed
513 476 658 558 primum
673 480 711 538 in
725 497 766 541 eo
784 494 832 541 est
848 481 1083 564 reprehensus,
1098 491 1194 568 qnod

207 603 251 644 ex
272 578 378 662 praeda
399 581 561 663 tripodem
586 602 725 642 aureum
749 585 891 667 Delphis
912 591 1093 669 posuisset,
1122 597 1193 676 epi.

205 700 385 769 grammate
404 686 540 768 scripto,
578 686 615 747 in
635 707 705 767 quo
726 697 793 750 erat
814 690 882 752 haec
909 697 1090 758 sententia:
1122 699 1192 764 Suo

208 792 303 851 ductu
321 790 485 851 Borboros
503 792 586 872 opud
604 789 741 851 Pluteos
760 813 820 852 esse
841 796 968 872 deletos,
992 801 1115 881 ejusque
1132 809 1189 866 φὶς.

135 932 138 940 ·
208 898 292 955 toria
313 915 385 975 ergo
407 895 552 975 Apollini
575 897 688 955 donum
708 897 831 959 dedisse.
886 899 965 962 Hos
991 924 1105 967 versus
1128 909 1192 970 La-

207 998 406 1062 cedaemonii
427 1000 695 1080 exsculpserunt,
724 1021 835 1081 neque
858 1005 952 1066 aliud
972 1009 1192 1092 scripserunt,

206 1125 309 1185 quam
336 1104 477 1165 nomina
503 1123 617 1167 earum
651 1105 845 1176 civitatum,
877 1130 1022 1189 quarum
1058 1117 1191 1179 auxilio

184 1208 315 1272 ,Perse
334 1222 428 1271 erant
453 1207 545 1271 victi.

569 1390 681 1460 Css.
730 1389 777 1460 Il.

154 1553 184 1597 1.
211 1533 293 1596 Post
308 1512 355 1596 'id
380 1531 537 1615 proelium
564 1530 732 1593 eumdem.
754 1531 957 1596 Pausaniam
984 1557 1061 1599 cum
1090 1543 1196 1606 classe·

212 1639 388 1701 communi
416 1638 561 1720 Cyprum
588 1650 689 1716 etque
716 1635 978 1719 Hellespontum
1011 1643 1195 1724 miserunt,

212 1758 253 1804 ut
280 1762 324 1805 ex
354 1741 407 1804 his
434 1741 625 1825 regionibus
651 1741 872 1805 Barbarorum
900 1745 1049 1827 praesidia
1081 1749 1195 1830 depel-

152 1865 182 1915 ε.
212 1847 305 1910 leret.
343 1848 421 1910 Pari
443 1846 600 1910 felicitate
621 1845 658 1907 in
682 1867 720 1909 ea
737 1866 771 1909 re
788 1867 868 1909 usus
888 1849 1006 1913 elatius
1025 1871 1059 1913 se
1080 1872 1195 1934 gerere

37 1961 41 1972 ·
135 2002 141 2013 .
211 1952 325 2035 coepit,
348 1954 557 2036 majoresque
578 1967 729 2035 appetere
756 1973 816 2016 res.
867 1954 956 2016 Nam
984 1976 1108 2037 quum,
1129 1957 1194 2040 By-

210 2058 323 2120 zantio
343 2076 547 2143 expugnato,
570 2059 707 2140 cepisset
728 2060 914 2142 complures
933 2061 1108 2123 Persarum
1134 2084 1193 2123 no-

211 2160 314 2238 biles,
345 2180 446 2241 atque
476 2166 514 2223 in
542 2163 595 2223 his
625 2166 813 2225 nonnullos
840 2165 942 2247 Regis
969 2167 1192 2248 propinquos,

208 2263 271 2327 hos
291 2266 377 2329 clam
398 2266 506 2326 Xerxi
526 2263 668 2338 remisit,
688 2265 852 2328 simulans
866 2289 909 2331 cx
927 2271 1075 2334 vinculis
1085 2272 1194 2354 publi·

212 2371 259 2428 cis
285 2366 457 2449 effugisse3
489 2381 522 2427 et
548 2386 627 2427 cum
656 2365 708 2429 his
731 2366 926 2453 Gongylum
952 2376 1195 2452 Eretriensem,

216 2471 277 2550 qui
306 2471 428 2532 litteras
460 2470 548 2551 Regi
576 2469 745 2548 redderet,
780 2474 970 2555 in.quibus
1000 2480 1068 2542 haec
1095 2478 1195 2542 luisse

152 2564 184 2642 3.
211 2575 344 2665 scripta,
364 2572 579 2654 Thucydides
600 2576 769 2637 memoriae
792 2580 953 2658 prodidit:
975 2584 1195 2661 „Pausanias,

213 2681 313 2758 „dux
333 2678 470 2763 Sparta,
489 2697 574 2758 quos
594 2677 751 2759 Byzantii
765 2696 907 2763 ceperat,
929 2697 1104 2764 postquam
1121 2704 1196 2751 tuos

214 2785 449 2870 „propinquos
465 2783 642 2868 coguovit,
668 2781 729 2847 tibi
750 2786 885 2848 muneri
904 2786 1011 2861 misit,
1033 2807 1135 2868 seque
1154 2808 1199 2856 te·

212 2912 320 2970 „cum
341 2890 503 2956 affinitate
526 2889 688 2976 conjungi
706 2891 813 2976 cupit:
837 2910 955 2972 quare,
976 2889 1005 2951 si
1026 2889 1087 2951 tibi
1105 2893 1199 2959 vide-

157 3066 260 3133 scheo,
276 3071 345 3124 alles
365 3076 395 3124 in
413 3069 608 3142 Unordnuog,
635 3075 666 3124 in
686 3071 869 3140 Vernirruug
886 3069 1022 3138 briogen,
1050 3086 1098 3121 um
1114 3068 1198 3129 ihren

157 3153 260 3208 Zucck
277 3173 312 3209 cu
332 3157 484 3247 erreichem

244 3264 455 3330 epigrammate
473 3224 614 3343 scrip&
634 3259 764 3313 Scribere
782 3259 832 3314 des
854 3257 1035 3314 Griechische
1053 3253 1195 3338 γράφειν,

156 3342 299 3412 incidere,
322 3347 491 3415 singraberr.
527 3348 611 3398 Dices
626 3343 791 3413 Bedeutuog
806 3349 843 3398 ist
861 3349 901 3398 im
921 3346 1115 3398 lateinisches
1131 3347 1198 3409 sehr

159 3428 264 3500 selteu,
284 3431 341 3486 uod
362 3431 447 3485 findet
466 3431 527 3485 sich
544 3430 684 3483 vielleicht
699 3445 756 3481 nur
769 3434 808 3482 im
821 3430 1017 3484 Cornelissen
1031 3447 1106 3501 awey
1122 3429 1198 3483 Stel-

158 3518 223 3585 len,
241 3535 278 3571 so
297 3517 388 3571 dieser
406 3516 464 3569 und
480 3514 575 3570 Alcib.
593 3517 648 3579 vl,
668 3525 694 3580 5.
713 3516 835 3586 piloeqoe
853 3517 927 3581 illoe,
945 3517 1093 3587 inquibus
1111 3512 1198 3567 devo·

157 3610 201 3656 tio
216 3602 329 3678 fuerat
347 3609 475 3672 scripta,
493 3605 524 3652 t'n
545 3618 625 3651 mare
638 3607 851 3673 precipitatoe,
868 3602 987 3655 welches
1001 3599 1205 3670 gleichbedeu-·

157 3689 225 3743 tend
241 3692 293 3742 mit
310 3688 372 3741 dem
395 3692 448 3752 ist,
465 3701 522 3739 was
545 3702 576 3737 er
596 3687 665 3740 eben
685 3688 808 3742 deselbst
827 3689 881 3752 lV,
900 3698 925 3755 4.
945 3693 975 3738 in
994 3687 1058 3756 pila
1077 3683 1198 3753 lapidea

159 3779 282 3827 incisum
299 3788 414 3827 nsnotc.
450 3769 597 3825 Cornelius
618 3773 773 3827 ubersetrte
789 3771 1023 3826 wehescbeinlich
1042 3769 1092 3823 das
1111 3769 1198 3822 Gn'e-

156 3868 270 3923 chiscbe
289 3861 502 3949 ἐπιγράφεσθαι
518 3869 572 3943 bey
591 3868 770 3943 Thucydides
788 3874 818 3942 l,
840 3883 901 3938 132.
945 3870 1137 3939 Epigramma
1159 3873 1197 3921 ist

159 3950 221 4004 lrier
239 3958 301 4006 eine
321 3953 479 4029 Inscbn'ft.

192 4071 232 4128 ll.
265 4080 293 4138 5.
311 4070 473 4144 affinitate
490 4072 636 4146 conjungi
654 4073 748 4148 cupit]
800 4072 955 4150 Affinites
980 4076 1017 4125 ist
1040 4067 1196 4137 uberhaupt
1232 4123 1238 4145 Ι
