2722 4838
300 296 360 363 XI
364 301 406 364 V.
427 300 594 369 Datames.
636 296 713 382 Cap.
734 295 780 363 V.
802 294 873 364 VI.
1048 318 1107 384 ¹77
1142 330 1149 347 .-

125 451 198 515 tuit.
238 452 361 531 Neque
383 466 494 512 tamen
517 450 698 530 quicqudm
723 449 816 526 fecit,
847 451 940 531 quod
963 448 1029 514 fide
1047 473 1108 520 sua

65 558 94 625 6.
125 557 208 619 esoe't
228 556 420 638 indignum.
459 556 547 617 Nam
560 556 792 616 Mandroclem
812 556 1004 639 Magnetem
1019 577 1109 621 exer·

122 666 206 725 citui
234 660 386 745 praefecit.
438 661 507 742 ipse
532 681 609 721 cum
629 661 698 721 suis
720 661 757 720 in
784 660 1026 741 Cappadociam
1047 661 1110 723 dis·

124 768 228 839 cedit;
261 766 545 846 conjunctamque
568 765 646 825 huic
667 764 935 846 Paphlagoniam
950 782 1107 848 occupat,

123 874 235 935 celane
263 893 330 952 qua
356 871 531 931 voluntate
560 884 643 930 esset
668 870 704 930 in
727 870 875 951 Regem.¹
921 871 1006 930 clam
1028 891 1108 934 cum

122 977 350 1039 Ariobarzane
369 973 447 1034 facit
464 974 662 1048 amicitiam,
687 994 829 1035 manum
849 990 1031 1056 comparat,
1055 996 1106 1041 ur·

123 1084 181 1145 bes
201 1081 350 1143 munitas
369 1080 438 1141 suis
460 1081 600 1141 tuendae
621 1079 728 1140 tradit.

475 1261 586 1371 Car.
636 1259 699 1334 VI.

86 1449 95 1467 .
126 1406 187 1468 Sed
202 1405 270 1466 lraec
290 1421 420 1487 propter
435 1403 580 1464 hiemale
595 1416 726 1484 tempus
739 1404 854 1475 minus
869 1400 1021 1488 prospere
1035 1422 1107 1488 pro-

125 1511 294 1574 cedebant.
334 1510 464 1580 Audit,
485 1508 614 1569 Pisidas
637 1509 794 1587 quaedam
818 1511 927 1591 copiae
948 1513 1106 1575 adversue

122 1636 157 1677 ee
176 1636 303 1697 parare3
324 1614 435 1677 lilium
455 1634 495 1674 eo
511 1613 704 1674 Arsidaeum
726 1633 804 1674 cum
822 1618 969 1678 exercitu
990 1619 1106 1680 mittit.

123 1720 209 1780 cadit
238 1721 274 1781 in
303 1718 420 1800 proelio
448 1717 649 1778 adolescens.
691 1719 907 1799 proficiscitur
929 1743 969 1783 eo
998 1708 1119 1803 pater,¹

122 1845 194 1885 non
217 1824 262 1886 ita
280 1843 357 1885 oum
376 1843 495 1906 magna
510 1841 632 1895 manu,
653 1823 778 1896 celans,
799 1839 964 1904 quantum
976 1829 1106 1887 vulnus

121 1929 313 2010 accepissem
333 1926 426 2006 quod
450 1927 539 2007 prius
553 1927 594 1986 ad
608 1926 737 1988 hostem
753 1928 925 2008 pervenire
942 1931 1108 2010 cupiebat,

124 2056 226 2113 quarn
248 2035 289 2094 de
309 2052 342 2092 re
364 2034 450 2093 male
471 2049 558 2113 gesta
577 2032 666 2093 sarna
685 2033 725 2092 ad
744 2052 821 2093 euos
835 2033 1039 2114 perveniret:
1061 2054 1106 2098 ne

125 2138 256 2219 cognita
284 2137 350 2197 filii
384 2152 490 2198 morte
520 2136 628 2198 animi
660 2137 913 2201 debilitarentur
943 2139 1106 2201 militum.

65 2262 94 2307 ι.
128 2242 208 2329 Quo
230 2243 458 2313 contenderat,
483 2241 654 2322 pervenit,
678 2241 799 2320 hisque
822 2241 904 2302 locid
927 2259 1028 2305 castra
1051 2267 1108 2326 po·

123 2348 190 2422 nit,
220 2362 260 2409 ut
287 2368 400 2427 neque
427 2346 558 2408 circuiri
588 2345 812 2409 multitudine
841 2344 1106 2414 adversariorum

99 2526 151 2582 VI.
189 2546 213 2580 r.
232 2530 326 2579 minue
339 2542 477 2596 prospere
490 2520 704 2596 procedebant]
744 2528 896 2582 Waesezrr
906 2526 1033 2583 Sallusts
1048 2530 1108 2583 Ca·

63 2613 153 2665 illino
178 2630 239 2684 cap.
260 2624 305 2678 53.
330 2610 389 2664 und
413 2617 465 2664 mit
490 2611 549 2664 ihm
576 2615 666 2681 einige
690 2611 792 2665 andere
812 2613 945 2668 Gelehrte
970 2614 1112 2685 glauben,

63 2696 204 2751 entweder
222 2706 317 2751 maere
338 2714 404 2750 man
418 2713 557 2767 ¹prospere
575 2698 785 2764 auterreicben‚
802 2699 870 2750 oder
887 2715 954 2753 etatt
966 2703 1108 2770 procede-

64 2784 138 2835 bant
154 2782 231 2836 lesen
251 2779 402 2835 cedebant.
437 2782 531 2835 Allein
550 2787 606 2834 mir
624 2783 732 2835 echeint
752 2784 846 2834 heines
860 2802 915 2835 von
933 2785 1041 2854 heyden
1053 2791 1109 2837 uii-

64 2870 137 2937 tbig.
172 2870 311 2938 Prospere
326 2867 482 2937 procedere
501 2873 538 2920 ist
556 2874 617 2919 eine
636 2868 766 2929 Planasia,
784 2867 829 2918 die
848 2869 920 2919 auclr
935 2869 986 2938 hey
1008 2870 1108 2921 Cicero

64 2946 239 3011 'vorlromrnn
275 2954 412 3024 Epistoll.
431 2952 472 3003 ad
487 2955 583 3005 Divo.
601 2951 673 3014 Xll,
693 2964 720 3014 9.
755 2951 813 3003 Sed
831 2961 944 3014 tamen,
964 2961 996 3002 ut
1009 2961 1108 3006 omnia

59 3058 197 3109 prospere
218 3038 400 3112 procedant,
429 3038 551 3089 multum
575 3043 696 3087 interest
721 3044 749 3086 te
768 3041 879 3088 venire.
928 3034 1108 3113 Ueherlraupt

62 3125 136 3178 vird
155 3125 242 3178 dicere
262 3129 308 3176 ein
327 3123 516 3186 Adverbiurn‚
546 3121 665 3174 welches
695 3122 781 3172 sebon
805 3126 833 3172 in
860 3120 909 3173 der
927 3122 1109 3196 l'rrcpoeition

64 3208 114 3264 dee
131 3212 216 3263 Verbi
234 3210 317 3280 liegt‚
335 3211 409 3262 noch
425 3211 510 3263 lrinzu
523 3208 632 3278 geldgt:
654 3227 676 3258 a.
691 3205 719 3257 Β.
738 3205 902 3258 Alcibiades
915 3211 969 3274 IV,
989 3222 1015 3278 4.
1032 3213 1108 3264 clam

61 3314 94 3348 ee
111 3314 130 3346 a
149 3297 313 3348 custodibus
330 3296 487 3359 subduxi&
508 3293 566 3347 und
583 3294 654 3345 doclr
677 3293 744 3361 lii-gt
765 3295 838 3343 clam
858 3294 943 3346 echon
960 3300 989 3345 in
1000 3295 1110 3347 suhdu-

65 3398 139 3434 cere.
176 3382 310 3450 Pelopi,
328 3393 356 3448 5.
376 3383 519 3432 adversus
532 3385 673 3431 resistere.
711 3381 820 3445 Agesil.
835 3382 865 3444 1,
887 3399 910 3432 1.
931 3385 1035 3430 eairnie
1051 3383 1113 3432 col·

65 3462 209 3518 laudatus
222 3474 274 3518 est.
293 3493 327 3507 -
345 3467 499 3534 Uebrigenc
512 3467 622 3517 mdcbrc
633 3467 677 3517 itlr
694 3465 790 3516 dircen
807 3467 870 3518 Sarz
885 3466 963 3517 nnhr
980 3483 1030 3519 aue
1046 3467 1110 3520 dein

63 3552 153 3607 Texte
173 3550 343 3604 verbennen.
380 3553 418 3602 Er
430 3551 522 3602 maclrt
538 3557 618 3602 elnon
634 3551 823 3602 scirickliclrcn
840 3552 1014 3620 Uebergang.
1051 3555 1110 3625 ch

64 3636 245 3705 dergleiclren
263 3635 503 3704 Vorlcelrrungen‚
521 3639 574 3687 wie
592 3638 697 3688 erzilrlt
718 3637 844 3701 berdon,
874 3637 955 3690 sollte
973 3656 1112 3693 mauron

65 3722 118 3776 der
136 3721 275 3773 rattloeen
292 3722 454 3790 'siriitigkeit
467 3718 524 3772 und
540 3719 603 3775 dem
617 3721 886 3791 ‹lurclrdringendeu
900 3724 978 3777 Eiler
989 3722 1037 3776 dee
1052 3726 1115 3778 Da-

66 3823 157 3860 tamen
177 3807 306 3875 wichtr'ge
320 3805 435 3875 Ersolge
458 3822 603 3860 erwarten.
640 3808 714 3860 Aber
733 3826 762 3860 es
788 3808 930 3877 geecbiebt
949 3810 1042 3865 nichte
1056 3813 1114 3866 Be·
1136 3828 1139 3833 ·

66 3890 232 3947 deutender.
269 3893 343 3947 Wae
361 3890 406 3945 die
426 3891 549 3946 Urrache
563 3909 625 3965 ιη,
645 3899 719 3963 zeigt
733 3912 818 3946 uneer
833 3895 907 3948 Sata.
965 3952 968 3957 ,
986 3939 990 3957 ,

102 4051 129 4087 a.
156 4024 339 4104 dispulerit
357 4030 570 4103 carlrapom't]
605 4034 640 4087 ln
660 4027 710 4086 der
731 4033 897 4108 Bedeurung
913 4050 968 4093 ton
985 4038 1056 4095 talis
1075 4044 1114 4095 ier

665 4128 705 4191 M
