2722 4838
329 266 834 393 mwQO
1045 314 1103 393 Q

121 481 155 532 et
165 467 361 550 indulgebat
375 466 438 527 sibi
451 463 639 537 liberalius,
660 484 762 541 quam
774 479 813 524 ut
827 463 994 527 invidiam
1009 465 1106 548 vulgi
1143 527 1146 548 ἰ

41 576 91 641 ,3.
122 589 230 656 posset
249 572 406 653 effugere.
447 572 507 631 Est
526 569 618 630 eninr
642 566 706 628 hoc
726 587 907 631 commune
928 570 1106 632 vitiumin

119 678 249 762 magnis
271 676 453 756 liberisque
473 674 681 746 civitatibus,
699 676 749 733 'ut
771 672 900 734 invidia
921 677 1035 758 glorius
1056 696 1106 737 co·

120 806 192 848 mes
213 785 268 856 sit,
290 798 322 844 et
343 781 486 842 libenter
506 779 547 840 de
566 778 619 838 his
643 777 836 852 detrahant,
857 799 941 859 quos
957 781 1111 846 eminere-

120 890 260 952 videant
289 886 399 947 altius.
453 902 565 962 neque
592 882 707 943 animo
734 901 830 961 aequo
852 904 1010 966 pauperes
1030 888 1109 948 alie·

120 1016 201 1057 nam
223 989 439 1074 opulentium
466 987 648 1049 intuuntur
667 988 849 1048 fortunam.
877 978 1009 1070 'ltaque
1024 991 1107 1054 Cha.

59 1119 92 1180 4.
120 1098 225 1172 brias,
251 1095 363 1176 quoad
383 1094 415 1155 ei
435 1093 572 1167 licebat,
599 1090 787 1172 plurimum
811 1093 933 1156 aberat.
983 1092 1106 1175 Nequ‘e

122 1225 202 1267 vero
224 1203 315 1262 solus
335 1202 445 1261 aberat
466 1195 614 1260 Athenis
635 1195 794 1271 libenter,
824 1197 882 1260 sed
903 1217 1019 1259 omnes
1039 1199 1108 1262 fero

123 1309 291 1393 principes
312 1305 464 1391 lecerunt
485 1304 591 1375 idem,
613 1303 706 1382 quod
721 1318 851 1364 tantum
872 1322 907 1366 se
921 1305 963 1365 ab
978 1302 1110 1367 invidia

123 1417 286 1497 putabant
309 1410 498 1484 abluturus,
530 1422 697 1490 quantum
721 1428 740 1468 a
768 1422 947 1490 conspectu
968 1428 1107 1472 suorum

120 1519 337 1581 recessissent.
386 1518 507 1596 Itaque
526 1513 648 1574 Conon
671 1512 856 1594 plurimum
875 1514 975 1597 Cypri
1002 1516 1108 1597 vixit,

124 1625 307 1706 Iphicrates
326 1622 363 1684 in
383 1619 543 1694 Thracia,
563 1617 764 1679 Timotheus
786 1619 901 1696 Lesbi,
926 1621 1046 1685 Chares
1069 1623 1109 1685 in

125 1731 233 1814 Sigeo.
274 1725 461 1791 Dissimilis
480 1722 619 1803 quidem
642 1721 764 1784 Chares
784 1741 951 1788 eornm·et
971 1726 1063 1789 sactis
1078 1742 1111 1790 et

122 1836 291 1910 moribus,
311 1833 369 1895 sed
392 1847 504 1894 tamen
526 1825 676 1890 Athenis
691 1842 724 1889 et
738 1827 921 1891 honoratus
934 1847 967 1893 et
980 1848 1111 1914 potens.

98 2031 127 2066 η.
154 2029 242 2080 quam
259 2017 292 2061 ui
309 2037 345 2052 -·
359 2005 473 2078 posset]
508 2005 574 2076 Vgl.
592 2005 673 2059 Dion
690 2005 734 2073 X,
755 2014 783 2073 5.

101 2160 129 2216 5.
157 2167 247 2220 neque
266 2153 456 2216 animoseque
474 2175 509 2190 -
527 2145 699 2216 intuuntur]
734 2147 1031 2218 Maniolltedenken,
1049 2151 1112 2206 dis-

64 2251 110 2289 ses
132 2235 255 2287 Verbum
273 2232 369 2285 wt'rrde
388 2232 574 2285 schickllcher
592 2250 648 2284 von
667 2230 717 2284 der
735 2233 925 2304 Coniunction
947 2245 980 2288 ut
1001 2238 1113 2293 abbun-

62 2337 131 2391 gen,
163 2320 205 2373 als
232 2320 279 2371 litr
305 2320 365 2371 sich
389 2323 470 2370 einen
492 2323 608 2388 eigenen
633 2318 697 2370 Sata
719 2321 899 2378 turmachen.
948 2323 1042 2377 ulicis
1064 2325 1112 2380 ich
1182 2363 1184 2367 ν

61 2405 135 2459 habs
158 2405 245 2460 echon
266 2404 320 2475 bey
337 2402 494 2457 Miltiades
511 2406 553 2469 V,
571 2414 599 2468 5.
618 2404 761 2470 bemrrkt,
780 2405 842 2459 dass
860 2405 906 2460 dis
919 2410 1049 2464 Lareiner
1063 2411 1112 2464 iii-

63 2506 121 2546 tsrs
139 2497 185 2543 ein
203 2492 327 2543 Verbum
347 2494 386 2542 im
406 2489 579 2542 indiestivus
601 2488 696 2558 iolgen
717 2490 827 2558 lescen,
844 2494 964 2549 welches
982 2501 1023 2550 tis
1038 2498 1110 2552 sbsn

63 2595 97 2631 so
125 2576 280 2629 schiclilich
306 2580 357 2629 mit
380 2575 430 2628 der
459 2574 706 2646 vorhergehenden
729 2578 918 2647 Coniunction
945 2582 1113 2638 verbunden

63 2661 171 2717 bitten.
222 2663 379 2731 Uebrigens
401 2666 437 2713 ist
463 2667 620 2712 intuuntur
642 2661 688 2713 dte
708 2662 765 2715 alte
787 2667 870 2718 form
891 2665 981 2722 distes
1007 2670 1113 2737 Verbi,

63 2747 123 2801 und
148 2748 233 2802 findet
254 2749 315 2802 sich
340 2747 392 2818 bey
419 2745 473 2799 den
496 2747 793 2819 Schsuspieldichtern
815 2750 873 2804 und
894 2755 998 2807 Lucrss
1023 2760 1112 2807 siem·

63 2833 122 2887 llcb
141 2836 193 2887 ost.

100 2943 126 2996 4.
152 2930 205 2981 scd
226 2948 324 2981 omnes
342 2926 415 3000 fere
436 2933 583 2996 principes
598 2924 742 2995 fecerunt
767 2929 857 2998 idem]
893 2933 916 2984 l.
942 2950 965 2986 e.
990 2932 1111 2987 libenter

63 3015 181 3069 aberant
198 3015 327 3068 Athenis.
364 3015 400 3064 So
419 3027 529 3063 vertritt
538 3009 648 3080 facere
669 3013 804 3064 anu-eilen
819 3015 864 3066 dis
879 3015 965 3069 Stelle
978 3015 1027 3071 des
1043 3037 1112 3072 vor·

65 3100 262 3167 hergebenden
288 3099 392 3160 Verbi,
425 3099 511 3150 selbst
538 3114 619 3147 uenti
642 3094 732 3148 dieses
754 3100 819 3150 kein
845 3099 926 3153 Tlinn
949 3103 1112 3160 ausdruckt.

64 3185 131 3252 Vgl.
154 3187 317 3250 lleusiuger
340 3202 373 3234 zu
391 3184 490 3235 Cicero
511 3180 546 3231 de
568 3179 642 3252 Off.
661 3183 690 3241 1,
712 3203 742 3246 r,
764 3204 788 3236 r.
807 3185 865 3237 und
884 3194 910 3245 8.
947 3188 1057 3242 Gerstle
1079 3206 1112 3242 to

24 3254 35 3280 ⁸
66 3271 123 3335 lv,
141 3279 167 3333 3.
205 3268 242 3320 id
258 3274 347 3319 ceteri
359 3267 469 3340 facere
487 3271 662 3331 noluerunt,
680 3272 699 3320 i.
719 3287 742 3322 e.
763 3286 820 3322 non
836 3271 997 3325 maluerunt
1012 3279 1113 3344 perire.

155 3362 330 3432 obstaturos]
366 3366 412 3417 01»
429 3364 500 3417 dieis
521 3361 612 3432 gleicb
631 3367 693 3413 eine
710 3363 801 3415 blolse
816 3367 1014 3438 Vermuthung
1027 3371 1115 3421 Lam·

62 3449 129 3505 bins
148 3452 201 3510 isti
230 3464 260 3498 io
278 3451 386 3501 scheint
404 3455 444 3501 sie
467 3455 521 3501 mir
544 3449 616 3501 doch
638 3448 691 3500 alle
717 3451 882 3523 Assprirche
900 3453 953 3506 suf
967 3455 1022 3508 den
1040 3456 1112 3509 'l'sxt

65 3553 102 3590 su
121 3533 249 3586 macheu.
285 3535 340 3586 Dis
359 3535 578 3589 Handschristen
602 3535 694 3589 haben
706 3536 843 3608 furiatos.
885 3540 980 3594 Allein
1004 3542 1040 3596 da
1061 3541 1112 3595 der

64 3620 179 3688 Begril'f
193 3618 242 3670 der
258 3617 451 3690 Eniserirung
469 3621 519 3674 der
531 3622 732 3694 Hsnptbegrifl
745 3629 797 3688 ist,
815 3644 847 3679 so
865 3627 974 3682 ιώεὶιιι
987 3632 1044 3680 rnir
1058 3627 1113 3679 ab·

59 3705 189 3780 futuros
212 3705 353 3758 durchaus
378 3706 569 3777 nothwerulig.
615 3708 668 3763 Die
686 3711 923 3781 Verwechselung
947 3711 1033 3766 findet
1052 3714 1114 3768 sich

66 3794 140 3846 auch
161 3790 325 3859 anderswo,
342 3812 367 3845 a.
386 3793 419 3846 B.
434 3795 516 3846 Mili.
536 3797 590 3859 lV,
609 3813 652 3856 s.;
672 3797 729 3849 und
742 3817 825 3850 wenn
837 3799 908 3851 auch
923 3817 984 3850 esse
999 3799 1037 3850 ab
1052 3802 1113 3852 ali·

64 3896 121 3948 quo
141 3882 192 3927 mit
213 3879 374 3947 Beziehung
392 3878 445 3931 aul
464 3879 518 3931 den
539 3881 596 3932 Ort
614 3898 710 3951 gesagt
728 3883 840 3937 werden
861 3886 955 3951 kann,
987 3903 1019 3938 so
1040 3885 1112 3951 wird,

64 3962 138 4017 diois
158 3963 230 4015 doch
252 3965 417 4018 schwerlich
435 3969 465 4018 in
482 3966 645 4020 bildlichem
663 3969 750 4020 Sinus
772 3969 936 4038 geschehen.

155 4061 317 4116 Dissimilis
338 4060 452 4133 quidem
478 4062 586 4118 Clcam
611 4082 710 4118 sorum
734 4072 764 4118 et
780 4063 883 4138 suciis
911 4075 941 4122 st
968 4070 1112 4144 moribus]
