2722 4838
10 119 76 193 FI
165 115 282 182 XXV.
306 116 347 178 Τ.
365 112 561 195 Pomponius
580 74 719 179 Auitus.
760 110 839 194 Cep.
858 110 904 175 Χ.
924 110 998 175 XI.
1048 112 1111 201 347
1166 96 1169 101 ’

113 288 178 333 uua
198 288 304 330 manu
327 264 474 347 scripsit,
504 285 540 324 rte
563 266 697 338 timeret,
727 266 890 344 statimque
913 264 957 324 od
975 282 1007 324 se
1032 266 1108 324 ueni-

116 390 181 440 ret:
210 393 350 447 seeum,
386 386 413 432 et
441 371 524 431 itlius
544 389 653 429 cotesto
678 369 817 430 Gellium
839 368 968 452 Cottum·
982 370 1019 430 de
1038 389 1107 454 pro-

10 444 76 479 ι-ἰ

10 486 78 571 *f
112 484 295 561 scriptorum
315 496 441 539 numero
463 478 621 536 exemisse.
676 473 748 549 Ac,
779 494 823 535 ne
848 474 941 554 quod
963 474 1002 537 in
1026 475 1109 557 peri.

10 569 81 619 Q
115 584 235 645 culum
256 582 434 656 incideret,
470 580 563 663 quod
584 593 687 641 noctu
710 579 827 647 tiebat,
860 578 1052 660 praesidium
1073 579 1107 645 ei

10 669 87 751 ΕΞ.
115 689 221 751 misit.
275 688 329 749 Sic
352 686 489 749 Atticus
518 684 555 746 in
586 704 721 747 summo
751 684 870 746 timore
895 704 966 745 non
994 687 1109 769 solum

10 785 78 855 ³3
115 794 199 869 sibi,
221 794 279 856 sed
303 792 403 855 etiam
423 792 473 866 ei,
495 810 600 871 quem
621 787 837 851 carusimum·
853 787 1012 864 habebat,
1032 809 1110 872 prte-

10 895 70 941 Ε·
114 898 202 962 sidio
225 897 302 960 fuit.
341 897 464 978 Neque
485 896 579 958 eninr
597 914 664 956 suae
685 896 797 956 sotum
819 915 838 955 a
859 912 1035 976 quoquam
1055 915 1111 958 au·

10 1003 69 1052 ²¹³⁵
118 1003 243 1067 uilium
266 1003 364 1085 petiit
383 1002 517 1077 salutis,
545 1001 603 1063 sed
624 997 848 1080 conjunctim:
879 1014 919 1060 ut
941 1014 1111 1083 appareret

10 1112 88 1175 Εὖ.
123 1110 256 1172 nullam
277 1107 463 1190 sejunctam
480 1107 544 1168 sibi
563 1110 659 1169 abeo
678 1106 768 1168 velle
781 1104 964 1168 fortunam.
1005 1105 1112 1193 Quod

115 1215 144 1276 si
164 1217 364 1298 gubernator
386 1212 550 1295 praecipua
571 1214 671 1273 laude
692 1209 813 1286 fertur,
833 1209 895 1290 qui
919 1229 1043 1286 navem
1065 1230 1116 1281 exj

116 1318 229 1382 hieme
249 1318 402 1398 marique
422 1319 599 1399 scopuloso
620 1331 742 1378 servat:
765 1336 824 1378 cur
845 1335 916 1376 non
931 1314 1110 1399 singularis

116 1423 188 1505 ejus
210 1423 421 1486 existimetur
443 1422 636 1504 prudentia,
665 1421 727 1502 qui
748 1441 790 1482 ex
815 1435 861 1482 tot
882 1437 1021 1502 tamque
1039 1441 1107 1505 gra-

10 1546 38 1585 :t
115 1529 216 1591 vibus
237 1525 390 1612 procellis
405 1527 565 1590 civilibus
578 1528 622 1589 ad
639 1525 909 1591 incolumitatem
929 1526 1109 1610 pervenit?

10 1742 32 1799 u
469 1722 581 1793 Cur.
630 1723 696 1792 XI.

21 1867 32 1906 ¹
55 1883 87 1928 1.
118 1863 254 1952 Quibus
276 1885 319 1927 ex
336 1865 436 1927 malis
452 1871 546 1927 utto
572 1877 767 1938 emerserat,
797 1862 888 1926 nihil
907 1862 1003 1926 aliud
1024 1863 1128 1963 egit,¹
1165 1878 1168 1887 ·

10 1968 34 2105 f,
142 2047 302 2112 statimque
321 2041 408 2095 adse
426 2039 561 2112 veniret]
598 2044 621 2097 1.
639 2061 665 2097 e.
685 2040 734 2096 sed
751 2055 785 2095 ut
801 2045 899 2096 stetim
916 2039 952 2095 ud
973 2058 1003 2095 se
1023 2047 1108 2097 veni-

10 2183 32 2225 ἓ
55 2141 109 2182 ret.
145 2127 210 2196 Vgt.
229 2131 362 2181 Hannib.
381 2131 452 2195 XII,
472 2148 498 2182 2.
557 2143 561 2152 ‘

143 2241 179 2273 ne
206 2223 283 2293 quod
302 2229 333 2275 in
353 2225 515 2293 periculum
533 2222 692 2292 incideret]
731 2226 766 2276 In
787 2228 899 2294 einigeu
917 2221 1123 2297 Hundtchrif-‚‚

10 2286 26 2327 ξ
55 2323 104 2362 ten
123 2309 249 2377 mangelt
267 2315 307 2362 in.
344 2309 439 2362 Allein
456 2308 502 2362 ich
520 2309 596 2363 holte
613 2309 685 2362 dieis
701 2309 748 2362 tiu·
764 2315 846 2362 einen
860 2307 973 2363 blossen
984 2308 1108 2363 uuila·-

56 2393 244 2463 eungsiehler.
288 2395 423 2448 Incidere
447 2400 479 2448 in
502 2395 665 2466 pericrtlum
688 2400 726 2449 ist
750 2395 902 2463 eigentlich
928 2396 1108 2450 Luteinitcho

53 2480 182 2533 Phrasis.
223 2482 293 2533 Man
319 2480 404 2534 findet
429 2499 503 2534 nwur
521 2483 593 2534 auch
612 2496 683 2534 etus
701 2479 828 2534 incidere
847 2479 925 2552 qnid.
968 2482 1108 2534 Draken-

55 2565 143 2618 borch
162 2584 196 2617 zu
214 2567 316 2619 Livius
335 2567 377 2631 II,
396 2578 449 2632 30,
470 2578 512 2632 ¹5·
559 2567 633 2620 Abos
652 2567 723 2619 dieis
743 2573 779 2619 ist
798 2569 934 2639 poetisch.
978 2569 1056 2620 Eben
1075 2584 1107 2618 so

53 2655 148 2720 weuig
166 2653 278 2704 mochte
295 2651 340 2704 ich
357 2654 519 2722 portentum
538 2651 584 2702 fur
598 2652 653 2703 den
664 2653 864 2703 Nominatitus
878 2652 1009 2703 nehmen.
1045 2652 1107 2704 Det·

55 2735 121 2790 Satn
140 2741 178 2790 itt
194 2737 398 2802 bedeutender,
415 2755 498 2788 wenn
518 2737 639 2788 Atticus
656 2734 706 2788 der
724 2736 924 2787 Nominutivus
943 2739 990 2788 itt.

92 2885 119 2939 5.
148 2881 313 2926 in·summo
338 2873 460 2943 timore]
508 2874 608 2926 Timor
625 2873 699 2925 steht
716 2872 779 2925 hier
796 2873 842 2926 siu·
857 2874 1035 2943 periculum:
1054 2872 1107 2929 dut

55 2962 238 3028 Consequens
259 2958 305 3010 tur
328 2957 377 3010 das
398 2956 583 3011 Antecedens.
630 2959 684 3010 Die
705 2957 813 3011 Gesuhr
837 2962 902 3030 geht
927 2959 977 3014 der
996 2962 1101 3017 Furoht

55 3065 117 3098 vor.
155 3043 206 3096 Ost
225 3045 292 3096 uber
310 3044 383 3096 steht
401 3049 442 3096 im
458 3043 655 3097 lateinischen
677 3049 766 3096 timor
783 3044 830 3098 sur
848 3046 893 3099 die
910 3046 1015 3114 Socho,
1032 3048 1105 3101 trel·

57 3131 109 3183 che
127 3129 230 3182 Furcht
249 3145 351 3198 etregt.
386 3130 444 3195 IX,
462 3139 491 3199 4.

91 3226 119 3278 6.
145 3230 295 3294 principue
318 3224 405 3277 laude
422 3223 548 3300 fertur]
597 3228 702 3281 Fertur
724 3226 772 3280 sitr
788 3226 934 3301 effertur.
979 3227 1106 3283 Viduari

56 3309 242 3382 Lysandrum
259 3312 315 3378 IV,
332 3329 360 3365 2.
486 3314 488 3319 '

92 3452 144 3505 XI.
182 3471 206 3504 r.
226 3451 337 3521 Quibus
354 3470 391 3504 ex
409 3452 495 3504 mulis
513 3460 546 3504 ut
563 3471 594 3505 se
609 3454 782 3526 emerserat]
816 3455 1016 3511 Wenttschon
1028 3476 1106 3509 mer*-

56 3554 125 3605 gere
143 3536 201 3589 und
221 3543 391 3606 immergere
409 3539 494 3592 verba
512 3544 604 3593 uetita
622 3539 703 3607 sind,
731 3559 761 3593 to
778 3541 849 3594 wird
865 3541 937 3595 doch
956 3561 1102 3612 emergere

57 3622 236 3693 gewiihnlich
254 3625 295 3677 ais
313 3624 457 3677 Neutrum
472 3640 586 3694 gesetzt.
632 3627 701 3680 Hier
723 3627 797 3681 steht
817 3646 862 3694 es,
886 3627 1007 3682 wieder
1028 3631 1101 3683 Pro·

56 3727 162 3762 nomen
179 3728 210 3760 se
228 3715 315 3780 nugs,
343 3710 385 3762 ale
405 3712 522 3764 verbum
539 3716 674 3767 activum.
722 3714 802 3767 Auch
820 3714 874 3785 hey
895 3716 994 3768 Cicero
1013 3714 1101 3771 findet

56 3813 86 3847 es
106 3795 165 3848 sich
186 3800 231 3848 ein
251 3796 331 3851 Mahl
351 3815 400 3863 so,
419 3798 571 3851 besonders
589 3798 656 3851 aber
674 3799 726 3870 bey
744 3801 892 3854 Dichtern.
937 3802 1034 3871 Gegen
1053 3802 1099 3856 die

56 3881 188 3936 Eshtheit
206 3881 256 3936 der
270 3885 472 3938 construction
489 3883 556 3939 litet
575 3886 635 3939 sich
653 3885 713 3940 also
731 3886 824 3942 nichts
837 3889 1011 3946 einnenden.
1047 3891 1101 3944 In-
