2722 4838
148 310 206 379 128
408 309 480 372 IX.
501 309 619 372 Conon.
661 308 929 390 cauum.
1020 325 1025 335 ·

208 460 281 523 lum
306 458 515 533 indixerant,
551 459 670 520 Conon
694 457 805 520 nihilo
829 460 938 522 secius
957 462 1047 543 apud
1063 465 1196 544 praefec-

206 581 255 627 tos
278 562 379 647 Regis
398 567 600 639 vertebatur,
631 562 752 644 hisque
772 565 934 628 omnibus'
950 566 1100 630 maximo
1122 583 1199 634 erat

143 690 146 697 ·
207 689 298 732 usur.

557 847 668 918 Cur.
718 850 783 920 ΠΙ.

149 1012 178 1056 a.
207 992 384 1057 Defecerat
403 1014 422 1055 a
442 1011 516 1075 rege
535 988 792 1071 Tissaphernes,
813 1012 925 1074 neque
945 995 982 1058 id
1009 1012 1075 1060 tam
1095 972 1195 1079 Arra.

207 1099 320 1175 xerxi,
353 1119 455 1181 quam
482 1094 613 1169 ceteris,
645 1108 713 1157 erat
743 1111 905 1176 apertum.
948 1105 1066 1165 multis
1095 1105 1194 1168 euim

207 1205 405 1289 magnisque
424 1202 550 1265 meritis
569 1200 659 1281 apud
678 1198 824 1281 Regem,
846 1204 947 1267 etiam
961 1228 1069 1287 quum
1091 1211 1127 1271 in
1142 1211 1191 1272 of.

208 1310 286 1372 ticio
307 1327 379 1371 non
398 1320 565 1379 maneret,
587 1304 728 1365 valebat.
776 1304 898 1388 Neque
920 1311 956 1372 id
978 1315 1191 1391 mirandum,

206 1415 237 1478 ei
250 1435 321 1477 non
335 1412 432 1475 fa'cile
445 1413 486 1474 ad
501 1409 703 1472 credendum
716 1409 950 1492 adducebatur,
963 1420 1193 1498 reminiscens,

150 1538 179 1592 a.
208 1519 280 1599 ejus
299 1537 334 1578 ee
355 1537 454 1602 opera
473 1516 597 1596 Cyrum
614 1513 747 1577 'fratrem
771 1534 948 1599 superasse.
999 1523 1117 1602 Hujus
1139 1547 1192 1586 ac·

209 1623 349 1685 cusandi
370 1621 471 1706 gratia
491 1620 614 1682 Conon
633 1640 652 1682 a
670 1619 883 1685 Pharnabazo
903 1625 944 1686 ad
959 1623 1085 1708 Regem
1109 1630 1190 1691 mis·

207 1747 281 1803 eus,
302 1741 516 1809 posteaquam
534 1723 644 1794 vertit,
665 1725 813 1807 primunr
836 1749 882 1791 ex
903 1750 995 1792 more
1008 1731 1190 1796 Persarum

212 1835 256 1897 ad
275 1832 526 1902 chiliarchum,
547 1830 609 1912 qui
629 1832 816 1895 secundum
834 1834 971 1915 gradum
994 1835 1127 1919 imperii
1150 1854 1195 1901 te-

212 1942 323 2017 nebat,
343 1939 558 2003 Tithrausten
573 1939 715 2015 accessit,
734 1958 835 2020 seque
849 1941 994 2004 ostendit
1007 1963 1085 2003 cum
1099 1943 1194 2027 Rege

212 2045 366 2129 colloqui
388 2047 490 2111 velle.
539 2045 650 2107 Nemo
679 2043 774 2139 enim
801 2043 875 2108 sine
904 2045 969 2108 hoc
997 2047 1194 2111 admittitur.

190 2226 244 2279 ΙΙΙ.
282 2243 306 2282 r.
327 2226 440 2275 meritis
461 2248 497 2265 -
519 2218 659 2288 valebat]
708 2221 780 2275 Man
802 2221 935 2279 hemerlte
960 2225 1014 2278 den
1038 2204 1207 2280 Ablutitrur.⁸

153 2310 212 2379 Bey
231 2310 326 2362 valere
344 2305 402 2359 und
421 2305 571 2357 iibnlichen
588 2306 691 2384 Verbis
708 2307 782 2357 eteht
796 2325 828 2359 er
846 2324 915 2362 rtatt
929 2321 1051 2380 propter
1065 2319 1117 2366 mit
1131 2310 1195 2365 dem

153 2409 348 2459 Accusativns.
393 2402 471 2455 Eben
497 2417 528 2451 so
546 2415 616 2452 aetat
637 2398 687 2449 der
706 2398 828 2453 Grieohe
852 2401 907 2456 den
924 2406 1057 2460 Datr‘vur
1078 2408 1125 2463 li‘rt
1147 2398 1163 2464 b
1186 2404 1195 2424 ⁸

153 2492 206 2539 mit
229 2484 293 2537 dem
313 2487 507 2537 Accusativns.
555 2484 655 2535 Cicero
679 2480 715 2530 de
737 2483 819 2551 Legg
846 2489 877 2547 l,
898 2499 939 2550 15.
967 2492 1014 2542 lin.
1030 2495 1197 2562 ⁴religiones

152 2578 307 2629 notameta
323 2567 377 2618 red
392 2586 427 2619 ea
446 2566 671 2634 conjunctione,
688 2583 751 2632 quar
769 2577 814 2618 eet
830 2568 940 2621 homiui
958 2591 1020 2622 cum
1034 2574 1103 2637 deo,
1123 2596 1195 2627 cou-

153 2653 317 2707 servaudar
332 2662 421 2722 puto,
440 2655 492 2723 nait
509 2649 560 2704 der
577 2648 763 2729 humerkung
781 2669 837 2704 von
857 2654 948 2706 lieren
965 2657 1089 2709 Goreur.
1124 2660 1192 2728 Vgl.

153 2740 246 2797 lieren
264 2738 405 2794 Matthiae
424 2733 605 2791 Griecblscbe
618 2736 803 2789 Grammatllr
821 2739 848 2791 S.
861 2747 922 2804 545.
941 2739 961 2794 s.
997 2743 1197 2810 Atttc.ll1,1.

242 2836 343 2907 Neque
360 2834 393 2887 id
409 2820 590 2905 mirandum]
625 2833 660 2885 la
675 2828 766 2883 tielen
781 2832 930 2902 Auegaben
948 2834 1021 2886 steht
1032 2834 1078 2887 sur
1096 2837 1130 2889 id
1141 2845 1199 2891 mr·-

158 2923 284 2980 randum
300 2952 335 2966 -
352 2917 567 2974 admirandum.
602 2916 702 2972 Wenn
713 2918 793 2971 nicbt
805 2917 849 2972 die
863 2920 994 2973 mehrern
1007 2920 1198 2976 Handechril-

157 2996 204 3063 ten
231 3010 276 3062 dic
303 3024 407 3062 erstere
429 3008 526 3059 Leeart
550 3003 664 3070 hitten,
695 3019 726 3055 co
749 3005 827 3057 ubire
852 3005 899 3057 ich
922 3007 1001 3059 nicht
1028 3016 1198 3081 ungcnaigt,

157 3094 362 3159 admirandum
382 3091 576 3145 vorauaiehen.

247 3190 289 3242 ad
306 3186 476 3241 credendum
496 3181 713 3251 adducebatur]
747 3185 797 3238 lth
822 3186 893 3240 habe
913 3187 978 3257 jerat
998 3187 1199 3243 adducebatur

160 3280 206 3334 fir
223 3276 416 3331 inducebatur
435 3289 485 3325 ane
501 3271 556 3325 den
572 3272 668 3324 beaten
682 3269 899 3325 llandrchrilten
918 3279 969 3326 mit
988 3276 1079 3328 vlelen
1091 3277 1198 3330 andern

159 3363 372 3433 llcrausgabern
397 3359 623 3428 ausgenommen.
671 3353 776 3407 Iadrcci
800 3357 871 3411 wird
897 3359 1024 3428 beynahe
1049 3360 1198 3429 durchueg

160 3470 217 3504 von
235 3465 319 3502 etwas
336 3445 518 3500 Sabiimmem
530 3440 698 3512 gelsuocht,
716 3439 774 3493 nod
793 3445 948 3514 ehtrprieht
959 3444 1023 3497 dem
1037 3448 1198 3499 Deutsclteu

159 3537 296 3590 verleitet
314 3530 443 3586 werden.
479 3529 627 3582 Cornelius
645 3527 711 3579 aber
727 3528 883 3583 berrechtet
901 3529 946 3582 die
963 3532 1052 3584 Sacbe
1071 3531 1200 3585 ottenbu-

160 3622 240 3677 nicht
260 3637 310 3673 eus
329 3618 435 3671 diesem
453 3614 703 3683 Geriohtrpnnctet
722 3622 845 3667 condeto
866 3634 896 3667 er
913 3617 973 3668 will
995 3634 1096 3686 sagon,
1115 3621 1202 3670 Arta-

161 3725 260 3763 xerxes
283 3706 354 3758 habe
380 3701 424 3755 die
443 3697 652 3766 Treuloeigkeit
676 3698 724 3765 des
743 3701 946 3771 Tissaphernee
967 3705 1045 3754 nicht
1072 3704 1201 3771 glauben

161 3795 292 3850 bouum,-
323 3788 382 3842 und
404 3784 475 3840 diest
494 3786 530 3835 ist
547 3802 605 3834 nou
617 3782 718 3854 facile
736 3785 777 3836 ad
793 3784 966 3837 credendam
985 3788 1201 3840 adducebatur.

171 3936 177 3944 ,
199 3905 225 3938 a.
251 3890 313 3935 ciue
331 3883 384 3936 boc
402 3876 587 3946 admittitur]
620 3878 689 3930 Siue
701 3877 754 3930 boc
765 3878 862 3934 icadas
878 3880 1032 3944 Neutrum,
1052 3882 1123 3933 olane
1139 3880 1201 3930 die-

162 3984 221 4032 rea,
240 3969 312 4019 alme
331 3969 408 4018 diere
425 3968 501 4018 Sitte
519 3983 557 4013 zu
574 3962 754 4019 betracbteu.
790 3966 875 4018 bonet
893 3966 1001 4019 kb'nnte
1020 3985 1049 4020 ee
1068 3967 1139 4020 anch
1157 3965 1200 4016 als

164 4050 358 4105 Marcnlinum
376 4050 428 4105 aui
443 4047 622 4103 Cba'ltarcluu
639 4046 738 4118 gehen.
