2722 4838
480 316 526 396 x.
545 318 649 381 nun.
688 313 766 396 cap.
791 312 861 376 vs.
1135 282 1194 384 143
1275 350 1278 359 .

559 472 670 543 Cas.
719 469 783 537 VI.

151 644 181 690 1.
208 622 369 688 Hastam
389 635 575 702 prosperas,
596 626 731 692 tamque
751 606 941 690 inopinatas
954 626 1004 669 res
1018 618 1196 669 consecuta

212 745 260 795 est
280 727 391 792 subita
408 719 643 792 commutatio,
668 716 760 797 quod
779 714 915 776 fortuna
928 732 987 774 sua
1001 712 1198 788 mobilitate,

213 856 317 919 quem
339 831 453 915 paullo
471 840 548 888 ante
570 821 751 894 extulerat,
786 819 982 899 demergere
1003 832 1050 879 est
1076 818 1201 879 adorta.

153 963 185 1015 2.
212 941 369 1005 Primum
390 935 427 996 in
447 930 537 1003 filio,
564 929 606 989 de
630 946 699 1006 quo
725 922 989 984 commemoravi
1007 944 1124 1005 supra,
1144 943 1201 983 sae·

212 1047 331 1113 vitiam
358 1060 453 1102 suam
480 1033 640 1098 exercuit.
694 1030 784 1091 Nam
810 1049 918 1110 quum
941 1048 1083 1093 uxorem
1104 1032 1200 1093 redu·

213 1153 331 1223 nisset,
353 1163 427 1226 quae
449 1140 508 1204 alii
529 1139 637 1201 fuerat
662 1135 793 1208 tradita,
829 1134 1009 1215 filiumque
1029 1135 1134 1197 vellet
1156 1156 1204 1197 re·

213 1274 333 1320 vocare
361 1252 403 1312 ad
423 1248 584 1311 virtutem
608 1265 627 1304 a
651 1241 778 1323 perdita
806 1240 960 1315 luxuria,
991 1240 1117 1320 accepit
1136 1261 1205 1322 gra·

152 1362 186 1427 3.
216 1358 395 1422 vissimum
417 1369 533 1434 patens
554 1349 682 1410 vulnus
712 1359 820 1408 morte
841 1344 917 1406 filii.
969 1344 1108 1407 Deinde
1131 1360 1205 1407 orta

218 1477 267 1525 est
287 1458 446 1523 dissensio
467 1456 554 1519 inter
574 1471 656 1516 eum
677 1463 710 1511 et
730 1448 965 1525 Heraclidem
985 1451 1048 1533 qui
1064 1451 1206 1534 quidem

218 1567 442 1651 principatum
464 1582 536 1625 non
557 1556 761 1629 concedens,
790 1554 969 1619 factionem
990 1557 1207 1641 comparavit.

218 1674 340 1754 Neque
369 1669 397 1731 is
420 1668 536 1728 minus
558 1664 689 1726 valebat
714 1661 804 1741 apud
829 1661 1023 1743 optimates,
1057 1685 1205 1745 quorum

220 1793 386 1839 consensu
408 1783 541 1853 praeerat
562 1764 674 1839 classi,
697 1786 805 1844 quum
826 1766 921 1829 Dion
946 1769 1131 1832 exercitum
1152 1791 1208 1851 pe·

158 1903 192 1964 4.
221 1883 363 1944 destrem
385 1888 521 1939 teneret.
560 1873 643 1934 Non
667 1871 746 1933 tulit
766 1871 831 1935 hoc
852 1873 968 1935 animo
991 1893 1087 1953 aequo
1099 1875 1209 1947 Dion,

218 2003 252 2050 et
271 2003 407 2047 versum
430 1980 529 2040 illum
549 1974 696 2038 Homeri
717 1976 834 2038 retulit
851 1997 895 2038 ex
916 1979 1062 2040 secunda
1079 1978 1212 2061 rhapso·
1270 2051 1272 2055 Ι

223 2090 296 2164 dia,
316 2089 354 2148 in
376 2105 445 2165 quo
466 2082 534 2144 haec
558 2080 723 2144 sententia
742 2097 808 2144 est:
844 2081 924 2144 Non
944 2102 1030 2164 posse
1052 2081 1211 2165 berngeri

197 2270 249 2321 Vl.
286 2286 311 2318 1.
329 2280 383 2314 suc
408 2258 588 2329 mobilitate]
638 2261 661 2313 l.
681 2276 706 2314 e.
732 2276 843 2312 corsua
861 2259 1041 2327 mobilitate,
1073 2259 1141 2315 oder
1157 2266 1213 2315 wie

166 2372 234 2408 man
253 2350 378 2405 schlecht
397 2350 493 2399 Lateio
513 2361 590 2414 negt,
620 2343 782 2398 secundum
798 2363 882 2399 suam
899 2347 1109 2417 mobilitatem,
1137 2347 1213 2402 nach

164 2444 273 2494 seinem
290 2433 511 2491 Waukelmuth.

257 2539 300 2584 est
319 2528 444 2599 adorta]
479 2527 544 2597 Vgl.
561 2526 706 2597 Thrasyb.
725 2527 768 2593 11,
786 2536 813 2591 5.

200 2691 227 2728 2.
254 2678 285 2723 in
297 2668 369 2743 filio
386 2692 421 2711 -ι
437 2674 582 2721 sevitiam
599 2685 685 2720 suom
700 2667 848 2738 exercuit]
882 2667 933 2722 leh
944 2667 1016 2724 habe
1026 2668 1101 2725 dicte
1114 2671 1212 2725 Lesas!

166 2758 218 2811 der
234 2758 332 2808 besten
350 2753 570 2807 Handschriiteu
588 2760 618 2806 in
636 2753 691 2807 den
715 2755 787 2807 Text
806 2754 1033 2824 ausgeoommeu.
1068 2756 1215 2810 Geuobu·

165 2844 223 2897 lich
242 2842 283 2896 las
302 2859 368 2893 man
387 2846 417 2890 in
431 2837 543 2911 fitium.
581 2841 674 2892 Allein
699 2838 749 2893 der
763 2844 893 2895 Latoiuet
911 2842 1109 2913 setztbeyden
1124 2844 1216 2897 Phra·

166 2947 210 2981 eet
228 2932 391 2990 sevitiam,
414 2932 477 2976 vim
498 2944 647 2988 exercere,
667 2925 821 2987 adbibere,
840 2925 898 2980 und
918 2927 1068 2980 iiimlicheu
1089 2928 1218 2999 beynahe

167 3015 307 3068 durchaus
335 3017 366 3062 in
392 3016 444 3062 mit
469 3011 533 3063 dem
557 3011 716 3063 Ablativus
741 3012 819 3064 nicht
847 3018 899 3065 mit
924 3013 987 3064 dem
1009 3016 1218 3070 Aecusattous.

166 3099 291 3154 Pbocion
309 3100 364 3160 lV,
384 3107 411 3160 5.
461 3096 609 3166 Beyspiele
627 3096 676 3147 hat
700 3095 877 3168 Oudendorp
904 3117 938 3150 zu
968 3099 1067 3151 Ceasar
1085 3099 1120 3151 de
1137 3103 1218 3154 Bello
1314 3100 1326 3117 '

169 3185 247 3237 cett.
266 3184 310 3244 li,
331 3191 375 3244 5²·
424 3181 478 3232 Die
502 3196 637 3233 neoesten
655 3183 807 3251 Ausgabeu
835 3182 912 3237 lesen
931 3189 983 3237 mit
1007 3187 1098 3238 sieten
1119 3187 1219 3239 Hand·

168 3266 305 3323 schriiten
322 3272 384 3316 'vim
402 3284 486 3316 sicam
503 3265 572 3328 oder
593 3285 678 3319 suam
702 3272 784 3333 vim,
815 3287 872 3322 was
899 3268 965 3323 cher
992 3271 1044 3322 eos
1065 3272 1220 3339 ttechnung

168 3353 221 3407 der
240 3351 424 3402 Abschreibcr
442 3370 475 3402 zu
495 3351 628 3406 kommen
646 3354 773 3419 scheint,
792 3355 835 3408 als
854 3373 954 3408 unsere
973 3359 1079 3409 Leton.

260 3464 380 3495 uxorem
399 3445 578 3516 reduxisset]
615 3449 715 3501 Diem
735 3455 772 3501 ist
791 3451 852 3501 hiet·
869 3453 908 3501 im
931 3450 1117 3519 cigoutlichen
1132 3449 1220 3502 Sinus

171 3547 280 3605 getagt.
330 3531 414 3583 Denn
432 3550 552 3582 uxorem
571 3532 710 3585 reducere
728 3533 832 3599 heisst,
860 3537 1091 3597 eine·Gattinn,
1110 3535 1221 3589 ›relcbe

172 3615 337 3690 ausgelrort
355 3616 422 3679 liat,
443 3618 570 3667 cattum
588 3637 625 3668 zu
642 3636 732 3690 scyra,
750 3620 864 3675 wieder
879 3641 934 3675 sur
946 3623 1072 3675 Gattirm
1092 3620 1222 3674 nehmen.

212 3768 222 3789 ·
263 3717 376 3780 accepit
394 3717 597 3780 gravissimum
612 3731 724 3784 parens
741 3715 864 3788 vrclnus]
899 3718 1009 3770 Parem
1028 3720 1064 3769 ist
1081 3714 1143 3767 hist·
1158 3712 1224 3768 sehr

173 3795 341 3853 bedentend.
377 3798 415 3850 Es
433 3797 534 3851 dnickt
551 3798 606 3865 den
626 3800 737 3853 bittem
755 3801 888 3856 Scbmerz
904 3818 972 3864 aus,
989 3799 1115 3853 welchen
1131 3818 1161 3853 er
1176 3802 1223 3853 als

174 3889 270 3943 Vater
288 3883 357 3935 uber
374 3882 428 3936 den
447 3882 509 3935 Tod
528 3862 618 3938 sddes
634 3886 914 3959 Sobnesempfinden
931 3885 1044 3941 musste.
1079 3887 1160 3942 Aueh
1174 3888 1229 3953 dio

173 3969 303 4038 Stelluug
321 3968 370 4022 des
387 3969 507 4025 Wortes
526 3973 655 4025 verdieut
672 3973 941 4027 Auimerksamkeit.

207 4088 236 4149 4.
264 4081 367 4135 retulit
386 4098 423 4133 ex
440 4078 573 4134 secunda
591 4081 764 4156 rimpsodia]
799 4080 922 4157 diesem
940 4083 1014 4142 steht
1032 4084 1096 4144 hier
1111 4085 1159 4144 fiir
1176 4082 1223 4141 re'-
