<?xml version="1.0" encoding="UTF-8"?>
<!DOCTYPE html PUBLIC "-//W3C//DTD XHTML 1.0 Transitional//EN"
    "http://www.w3.org/TR/xhtml1/DTD/xhtml1-transitional.dtd">
<html xmlns="http://www.w3.org/1999/xhtml" xml:lang="en" lang="en">
 <head>
  <title>
</title>
<meta http-equiv="Content-Type" content="text/html;charset=utf-8" />
  <meta name='ocr-system' content='tesseract 3.04.00' />
  <meta name='ocr-capabilities' content='ocr_page ocr_carea ocr_par ocr_line ocrx_word'/>
</head>
<body>
  <div class='ocr_page' id='page_1' title='image "./devitaexcellent00bremgoog/devitaexcellent00bremgoog_0167.png"; bbox 0 0 2722 4838; ppageno 0'>
   <div class='ocr_carea' id='block_1_1' title="bbox 237 310 1028 393">
    <p class='ocr_par' dir='ltr' id='par_1_1' title="bbox 237 310 1028 393">
     <span class='ocr_line' id='line_1_1' title="bbox 237 310 1028 393; baseline -0.001 -19"><span class='ocrx_word' id='word_1_1' title='bbox 237 313 295 378; x_wconf 77' lang='lat'>168</span> <span class='ocrx_word' id='word_1_2' title='bbox 483 311 606 377; x_wconf 82' lang='lat' dir='ltr'>xm.</span> <span class='ocrx_word' id='word_1_3' title='bbox 627 311 819 375; x_wconf 76' lang='lat' dir='ltr'><strong><em>Timotheus.</em></strong></span> <span class='ocrx_word' id='word_1_4' title='bbox 859 310 937 393; x_wconf 76' lang='lat' dir='ltr'>Cep.</span> <span class='ocrx_word' id='word_1_5' title='bbox 956 310 1028 376; x_wconf 76' lang='lat' dir='ltr'>IV.</span> 
     </span>
    </p>
   </div>
   <div class='ocr_carea' id='block_1_2' title="bbox 181 462 1285 2121">
    <p class='ocr_par' dir='ltr' id='par_1_2' title="bbox 181 462 1285 2121">
     <span class='ocr_line' id='line_1_2' title="bbox 295 462 1285 553; baseline 0 -24"><span class='ocrx_word' id='word_1_6' title='bbox 295 464 504 553; x_wconf 76' lang='lat' dir='ltr'>testimonia,</span> <span class='ocrx_word' id='word_1_7' title='bbox 527 483 599 525; x_wconf 90' lang='lat' dir='ltr'>uno</span> <span class='ocrx_word' id='word_1_8' title='bbox 617 464 741 524; x_wconf 88' lang='lat' dir='ltr'>erimus</span> <span class='ocrx_word' id='word_1_9' title='bbox 760 462 927 546; x_wconf 77' lang='lat' dir='ltr'><strong>contenti,</strong></span> <span class='ocrx_word' id='word_1_10' title='bbox 948 464 1041 542; x_wconf 90' lang='lat' dir='ltr'>quod</span> <span class='ocrx_word' id='word_1_11' title='bbox 1061 481 1104 525; x_wconf 84' lang='lat' dir='ltr'>ex</span> <span class='ocrx_word' id='word_1_12' title='bbox 1124 484 1164 526; x_wconf 88' lang='lat' dir='ltr'>eo</span> <span class='ocrx_word' id='word_1_13' title='bbox 1181 466 1285 530; x_wconf 82' lang='lat' dir='ltr'>facile</span> 
     </span>
     <span class='ocr_line' id='line_1_3' title="bbox 295 566 1284 655; baseline 0.001 -23"><span class='ocrx_word' id='word_1_14' title='bbox 295 569 418 651; x_wconf 84' lang='lat' dir='ltr'><strong>conjici</strong></span> <span class='ocrx_word' id='word_1_15' title='bbox 428 568 564 650; x_wconf 87' lang='lat' dir='ltr'>poterit,</span> <span class='ocrx_word' id='word_1_16' title='bbox 589 589 691 649; x_wconf 89' lang='lat' dir='ltr'>quam</span> <span class='ocrx_word' id='word_1_17' title='bbox 707 587 800 628; x_wconf 84' lang='lat' dir='ltr'>carus</span> <span class='ocrx_word' id='word_1_18' title='bbox 814 567 882 628; x_wconf 82' lang='lat' dir='ltr'>suis</span> <span class='ocrx_word' id='word_1_19' title='bbox 896 566 1007 636; x_wconf 73' lang='lat' dir='ltr'>fuerit.</span> <span class='ocrx_word' id='word_1_20' title='bbox 1039 569 1284 655; x_wconf 79' lang='lat' dir='ltr'>QuumAthe·</span> 
     </span>
     <span class='ocr_line' id='line_1_4' title="bbox 294 671 1281 749; baseline -0.001 -11"><span class='ocrx_word' id='word_1_21' title='bbox 294 675 349 738; x_wconf 88' lang='lat' dir='ltr'>nis</span> <span class='ocrx_word' id='word_1_22' title='bbox 363 673 631 735; x_wconf 84' lang='lat' dir='ltr'>adolescentulus</span> <span class='ocrx_word' id='word_1_23' title='bbox 645 691 791 731; x_wconf 82' lang='lat' dir='ltr'>caussam</span> <span class='ocrx_word' id='word_1_24' title='bbox 808 671 947 749; x_wconf 85' lang='lat' dir='ltr'>diceret,</span> <span class='ocrx_word' id='word_1_25' title='bbox 968 694 1040 735; x_wconf 89' lang='lat' dir='ltr'>non</span> <span class='ocrx_word' id='word_1_26' title='bbox 1052 675 1164 735; x_wconf 82' lang='lat' dir='ltr'>solum</span> <span class='ocrx_word' id='word_1_27' title='bbox 1177 677 1281 738; x_wconf 89' lang='lat' dir='ltr'>amici</span> 
     </span>
     <span class='ocr_line' id='line_1_5' title="bbox 217 777 1285 865; baseline 0.003 -26"><span class='ocrx_word' id='word_1_28' title='bbox 217 860 220 865; x_wconf 17' lang='grc' dir='ltr'><em>ι</em></span> <span class='ocrx_word' id='word_1_29' title='bbox 293 778 484 862; x_wconf 87' lang='lat' dir='ltr'>privatique</span> <span class='ocrx_word' id='word_1_30' title='bbox 504 777 650 858; x_wconf 74' lang='lat' dir='ltr'>hospites</span> <span class='ocrx_word' id='word_1_31' title='bbox 670 777 711 837; x_wconf 91' lang='lat' dir='ltr'>ad</span> <span class='ocrx_word' id='word_1_32' title='bbox 732 794 812 836; x_wconf 89' lang='lat' dir='ltr'>eum</span> <span class='ocrx_word' id='word_1_33' title='bbox 836 778 1090 842; x_wconf 85' lang='lat' dir='ltr'>defendendum</span> <span class='ocrx_word' id='word_1_34' title='bbox 1112 800 1285 850; x_wconf 56' lang='lat' dir='ltr'>convene&lt;</span> 
     </span>
     <span class='ocr_line' id='line_1_6' title="bbox 293 883 1280 964; baseline 0 -17"><span class='ocrx_word' id='word_1_35' title='bbox 293 900 391 958; x_wconf 80' lang='lat' dir='ltr'>runt,</span> <span class='ocrx_word' id='word_1_36' title='bbox 412 887 468 946; x_wconf 84' lang='lat' dir='ltr'>sed</span> <span class='ocrx_word' id='word_1_37' title='bbox 489 884 588 946; x_wconf 88' lang='lat' dir='ltr'>etiam</span> <span class='ocrx_word' id='word_1_38' title='bbox 608 883 644 944; x_wconf 91' lang='lat' dir='ltr'>in</span> <span class='ocrx_word' id='word_1_39' title='bbox 661 884 709 944; x_wconf 89' lang='lat' dir='ltr'>eis</span> <span class='ocrx_word' id='word_1_40' title='bbox 725 883 829 943; x_wconf 86' lang='lat' dir='ltr'>Jason</span> <span class='ocrx_word' id='word_1_41' title='bbox 845 896 1021 964; x_wconf 84' lang='lat' dir='ltr'>tyrannus,</span> <span class='ocrx_word' id='word_1_42' title='bbox 1042 884 1102 964; x_wconf 87' lang='lat' dir='ltr'>qui</span> <span class='ocrx_word' id='word_1_43' title='bbox 1123 886 1184 946; x_wconf 90' lang='lat' dir='ltr'>ilio</span> <span class='ocrx_word' id='word_1_44' title='bbox 1199 900 1280 947; x_wconf 86' lang='lat' dir='ltr'>tem·</span> 
     </span>
     <span class='ocr_line' id='line_1_7' title="bbox 233 985 1276 1073; baseline -0.001 -18"><span class='ocrx_word' id='word_1_45' title='bbox 233 992 264 1055; x_wconf 81' lang='lat'>3.</span> <span class='ocrx_word' id='word_1_46' title='bbox 295 1011 375 1073; x_wconf 88' lang='lat' dir='ltr'>pore</span> <span class='ocrx_word' id='word_1_47' title='bbox 396 985 462 1050; x_wconf 84' lang='lat' dir='ltr'>suit</span> <span class='ocrx_word' id='word_1_48' title='bbox 487 988 644 1050; x_wconf 91' lang='lat' dir='ltr'>omnium</span> <span class='ocrx_word' id='word_1_49' title='bbox 674 990 935 1068; x_wconf 85' lang='lat' dir='ltr'>potentissimus.</span> <span class='ocrx_word' id='word_1_50' title='bbox 988 990 1074 1067; x_wconf 88' lang='lat' dir='ltr'>Hic,</span> <span class='ocrx_word' id='word_1_51' title='bbox 1104 1013 1210 1072; x_wconf 90' lang='lat' dir='ltr'>quum</span> <span class='ocrx_word' id='word_1_52' title='bbox 1236 991 1276 1054; x_wconf 91' lang='lat' dir='ltr'>in</span> 
     </span>
     <span class='ocr_line' id='line_1_8' title="bbox 291 1094 1276 1180; baseline -0.002 -22"><span class='ocrx_word' id='word_1_53' title='bbox 291 1096 396 1180; x_wconf 85' lang='lat' dir='ltr'>patria</span> <span class='ocrx_word' id='word_1_54' title='bbox 421 1096 494 1157; x_wconf 87' lang='lat' dir='ltr'>sine</span> <span class='ocrx_word' id='word_1_55' title='bbox 520 1094 780 1156; x_wconf 67' lang='lat' dir='ltr'>satellitibus&#39;se</span> <span class='ocrx_word' id='word_1_56' title='bbox 809 1108 921 1156; x_wconf 87' lang='lat' dir='ltr'>tutum</span> <span class='ocrx_word' id='word_1_57' title='bbox 951 1117 1022 1158; x_wconf 88' lang='lat' dir='ltr'>non</span> <span class='ocrx_word' id='word_1_58' title='bbox 1051 1097 1276 1170; x_wconf 78' lang='lat' dir='ltr'>arbitraretur,</span> 
     </span>
     <span class='ocr_line' id='line_1_9' title="bbox 291 1197 1275 1299; baseline -0.004 -34"><span class='ocrx_word' id='word_1_59' title='bbox 291 1202 447 1265; x_wconf 82' lang='lat' dir='ltr'>Athenas</span> <span class='ocrx_word' id='word_1_60' title='bbox 460 1200 534 1261; x_wconf 86' lang='lat' dir='ltr'>sine</span> <span class='ocrx_word' id='word_1_61' title='bbox 549 1200 621 1258; x_wconf 90' lang='lat' dir='ltr'>ullo</span> <span class='ocrx_word' id='word_1_62' title='bbox 636 1197 786 1279; x_wconf 81' lang='lat' dir='ltr'>praesidio</span> <span class='ocrx_word' id='word_1_63' title='bbox 806 1198 918 1274; x_wconf 80' lang='lat' dir='ltr'>venit,</span> <span class='ocrx_word' id='word_1_64' title='bbox 940 1200 1091 1299; x_wconf 64' lang='lat' dir='ltr'>tantique</span> <span class='ocrx_word' id='word_1_65' title='bbox 1108 1200 1275 1283; x_wconf 85' lang='lat' dir='ltr'>hospitem</span> 
     </span>
     <span class='ocr_line' id='line_1_10' title="bbox 272 1300 1275 1385; baseline -0.002 -19"><span class='ocrx_word' id='word_1_66' title='bbox 272 1305 385 1380; x_wconf 69' lang='lat' dir='ltr'>iecit,</span> <span class='ocrx_word' id='word_1_67' title='bbox 419 1318 458 1365; x_wconf 91' lang='lat' dir='ltr'>ut</span> <span class='ocrx_word' id='word_1_68' title='bbox 481 1303 596 1367; x_wconf 83' lang='lat' dir='ltr'>maliet</span> <span class='ocrx_word' id='word_1_69' title='bbox 618 1321 652 1362; x_wconf 91' lang='lat' dir='ltr'>se</span> <span class='ocrx_word' id='word_1_70' title='bbox 681 1300 796 1383; x_wconf 87' lang='lat' dir='ltr'>capitis</span> <span class='ocrx_word' id='word_1_71' title='bbox 816 1302 1005 1383; x_wconf 85' lang='lat' dir='ltr'>periculum</span> <span class='ocrx_word' id='word_1_72' title='bbox 1027 1305 1134 1381; x_wconf 82' lang='lat' dir='ltr'>adite,</span> <span class='ocrx_word' id='word_1_73' title='bbox 1171 1325 1275 1385; x_wconf 89' lang='lat' dir='ltr'>quam</span> 
     </span>
     <span class='ocr_line' id='line_1_11' title="bbox 288 1404 1275 1471; baseline -0.003 0"><span class='ocrx_word' id='word_1_74' title='bbox 288 1407 534 1471; x_wconf 86' lang='lat' dir='ltr'>Timotheo·de</span> <span class='ocrx_word' id='word_1_75' title='bbox 550 1404 638 1467; x_wconf 80' lang='lat' dir='ltr'>fama</span> <span class='ocrx_word' id='word_1_76' title='bbox 660 1406 836 1468; x_wconf 83' lang='lat' dir='ltr'>dimicanti</span> <span class='ocrx_word' id='word_1_77' title='bbox 855 1407 976 1468; x_wconf 84' lang='lat' dir='ltr'>deesse.</span> <span class='ocrx_word' id='word_1_78' title='bbox 1029 1406 1136 1470; x_wconf 90' lang='lat' dir='ltr'>Hunc</span> <span class='ocrx_word' id='word_1_79' title='bbox 1161 1409 1275 1469; x_wconf 82' lang='lat' dir='ltr'>adver·</span> 
     </span>
     <span class='ocr_line' id='line_1_12' title="bbox 290 1492 1278 1594; baseline 0.002 -20"><span class='ocrx_word' id='word_1_80' title='bbox 290 1531 347 1574; x_wconf 82' lang='lat' dir='ltr'>sus</span> <span class='ocrx_word' id='word_1_81' title='bbox 374 1526 487 1573; x_wconf 86' lang='lat' dir='ltr'>tamen</span> <span class='ocrx_word' id='word_1_82' title='bbox 508 1511 710 1574; x_wconf 82' lang='lat' dir='ltr'>Timotheus</span> <span class='ocrx_word' id='word_1_83' title='bbox 735 1492 848 1593; x_wconf 87' lang='lat' dir='ltr'>postea</span> <span class='ocrx_word' id='word_1_84' title='bbox 876 1511 993 1594; x_wconf 90' lang='lat' dir='ltr'>populi</span> <span class='ocrx_word' id='word_1_85' title='bbox 1017 1510 1112 1590; x_wconf 82' lang='lat' dir='ltr'>jussu</span> <span class='ocrx_word' id='word_1_86' title='bbox 1141 1514 1278 1576; x_wconf 86' lang='lat' dir='ltr'>bellum</span> 
     </span>
     <span class='ocr_line' id='line_1_13' title="bbox 291 1614 1276 1701; baseline 0 -22"><span class='ocrx_word' id='word_1_87' title='bbox 291 1615 402 1701; x_wconf 75' lang='lat' dir='ltr'>gessit,</span> <span class='ocrx_word' id='word_1_88' title='bbox 424 1615 603 1699; x_wconf 81' lang='lat' dir='ltr'>patriaeque</span> <span class='ocrx_word' id='word_1_89' title='bbox 617 1616 779 1678; x_wconf 82' lang='lat' dir='ltr'>sanctiora</span> <span class='ocrx_word' id='word_1_90' title='bbox 794 1614 885 1697; x_wconf 81' lang='lat' dir='ltr'>juta,</span> <span class='ocrx_word' id='word_1_91' title='bbox 905 1634 1006 1695; x_wconf 86' lang='lat' dir='ltr'>quam</span> <span class='ocrx_word' id='word_1_92' title='bbox 1029 1614 1182 1694; x_wconf 90' lang='lat' dir='ltr'>hospitii,</span> <span class='ocrx_word' id='word_1_93' title='bbox 1204 1637 1276 1679; x_wconf 86' lang='lat' dir='ltr'>esse</span> 
     </span>
     <span class='ocr_line' id='line_1_14' title="bbox 230 1720 1274 1803; baseline -0.001 -20"><span class='ocrx_word' id='word_1_94' title='bbox 230 1741 261 1803; x_wconf 78' lang='lat'>4:</span> <span class='ocrx_word' id='word_1_95' title='bbox 293 1722 403 1784; x_wconf 87' lang='lat' dir='ltr'>duxit.</span> <span class='ocrx_word' id='word_1_96' title='bbox 456 1721 540 1782; x_wconf 74' lang='lat' dir='ltr'>Haec</span> <span class='ocrx_word' id='word_1_97' title='bbox 567 1720 799 1784; x_wconf 81' lang='lat' dir='ltr'>extremoiuit</span> <span class='ocrx_word' id='word_1_98' title='bbox 816 1735 889 1782; x_wconf 85' lang='lat' dir='ltr'>aetae</span> <span class='ocrx_word' id='word_1_99' title='bbox 909 1721 1144 1802; x_wconf 79' lang='lat' dir='ltr'>imperatorum</span> <span class='ocrx_word' id='word_1_100' title='bbox 1165 1721 1274 1782; x_wconf 87' lang='lat' dir='ltr'>Athe·</span> 
     </span>
     <span class='ocr_line' id='line_1_15' title="bbox 289 1815 1275 1912; baseline -0.006 -21"><span class='ocrx_word' id='word_1_101' title='bbox 289 1826 483 1904; x_wconf 88' lang='lat' dir='ltr'>niensium,</span> <span class='ocrx_word' id='word_1_102' title='bbox 514 1826 707 1912; x_wconf 76' lang='lat' dir='ltr'>Iphicratis,</span> <span class='ocrx_word' id='word_1_103' title='bbox 739 1815 904 1902; x_wconf 71' lang='lat' dir='ltr'>Chaone,</span> <span class='ocrx_word' id='word_1_104' title='bbox 938 1825 1127 1887; x_wconf 83' lang='lat' dir='ltr'>Timothei=</span> <span class='ocrx_word' id='word_1_105' title='bbox 1159 1844 1275 1904; x_wconf 88' lang='lat' dir='ltr'>neque</span> 
     </span>
     <span class='ocr_line' id='line_1_16' title="bbox 181 1929 1275 2021; baseline -0.004 -25"><span class='ocrx_word' id='word_1_106' title='bbox 181 1972 184 1977; x_wconf 84' lang='lat'><strong>·</strong></span> <span class='ocrx_word' id='word_1_107' title='bbox 289 1949 365 2016; x_wconf 89' lang='lat' dir='ltr'>post</span> <span class='ocrx_word' id='word_1_108' title='bbox 383 1933 522 1996; x_wconf 86' lang='lat' dir='ltr'>illorum</span> <span class='ocrx_word' id='word_1_109' title='bbox 544 1933 675 1997; x_wconf 89' lang='lat' dir='ltr'>obitum</span> <span class='ocrx_word' id='word_1_110' title='bbox 697 1933 879 2015; x_wconf 85' lang='lat' dir='ltr'>quisquam</span> <span class='ocrx_word' id='word_1_111' title='bbox 898 1933 969 1997; x_wconf 82' lang='lat' dir='ltr'>dux</span> <span class='ocrx_word' id='word_1_112' title='bbox 988 1932 1025 1994; x_wconf 88' lang='lat' dir='ltr'>in</span> <span class='ocrx_word' id='word_1_113' title='bbox 1040 1931 1099 1994; x_wconf 89' lang='lat' dir='ltr'>illa</span> <span class='ocrx_word' id='word_1_114' title='bbox 1112 1932 1192 2021; x_wconf 81' lang='lat' dir='ltr'>urbe</span> <span class='ocrx_word' id='word_1_115' title='bbox 1205 1929 1275 1992; x_wconf 80' lang='lat' dir='ltr'>fuit</span> 
     </span>
     <span class='ocr_line' id='line_1_17' title="bbox 289 2019 628 2121; baseline 0.009 -22"><span class='ocrx_word' id='word_1_116' title='bbox 289 2039 413 2121; x_wconf 82' lang='lat' dir='ltr'>dignus</span> <span class='ocrx_word' id='word_1_117' title='bbox 433 2039 607 2103; x_wconf 85' lang='lat' dir='ltr'>memoria.</span> <span class='ocrx_word' id='word_1_118' title='bbox 626 2019 628 2024; x_wconf 14' lang='grc' dir='ltr'><em>Α</em></span> 
     </span>
    </p>
   </div>
   <div class='ocr_carea' id='block_1_3' title="bbox 178 2213 1274 2883">
    <p class='ocr_par' dir='ltr' id='par_1_3' title="bbox 178 2213 1274 2883">
     <span class='ocr_line' id='line_1_18' title="bbox 232 2213 1274 2289; baseline -0.004 -19"><span class='ocrx_word' id='word_1_119' title='bbox 232 2217 344 2285; x_wconf 82' lang='lat' dir='ltr'>multa,</span> <span class='ocrx_word' id='word_1_120' title='bbox 362 2220 415 2271; x_wconf 71' lang='lat' dir='ltr'>wie</span> <span class='ocrx_word' id='word_1_121' title='bbox 434 2219 465 2267; x_wconf 87' lang='lat' dir='ltr'>in</span> <span class='ocrx_word' id='word_1_122' title='bbox 483 2213 533 2268; x_wconf 81' lang='lat' dir='ltr'>der</span> <span class='ocrx_word' id='word_1_123' title='bbox 548 2214 696 2286; x_wconf 62' lang='lat' dir='ltr'>prosatio*</span> <span class='ocrx_word' id='word_1_124' title='bbox 711 2219 736 2282; x_wconf 81' lang='grc' dir='ltr'>ς.</span> <span class='ocrx_word' id='word_1_125' title='bbox 758 2236 782 2269; x_wconf 84' lang='lat'>1.</span> <span class='ocrx_word' id='word_1_126' title='bbox 827 2217 983 2288; x_wconf 72' lang='lat' dir='ltr'>Complura</span> <span class='ocrx_word' id='word_1_127' title='bbox 1001 2217 1069 2272; x_wconf 85' lang='lat' dir='ltr'>oder</span> <span class='ocrx_word' id='word_1_128' title='bbox 1083 2217 1186 2289; x_wconf 81' lang='lat' dir='ltr'>plura,</span> <span class='ocrx_word' id='word_1_129' title='bbox 1203 2215 1274 2267; x_wconf 84' lang='lat' dir='ltr'>Les·</span> 
     </span>
     <span class='ocr_line' id='line_1_19' title="bbox 229 2299 1273 2368; baseline -0.004 -14"><span class='ocrx_word' id='word_1_130' title='bbox 229 2316 326 2367; x_wconf 79' lang='lat' dir='ltr'>ecten‚</span> <span class='ocrx_word' id='word_1_131' title='bbox 344 2300 449 2352; x_wconf 79' lang='lat' dir='ltr'>welche</span> <span class='ocrx_word' id='word_1_132' title='bbox 466 2299 526 2351; x_wconf 88' lang='lat' dir='ltr'>sich</span> <span class='ocrx_word' id='word_1_133' title='bbox 545 2305 575 2351; x_wconf 88' lang='lat' dir='ltr'>in</span> <span class='ocrx_word' id='word_1_134' title='bbox 594 2305 705 2368; x_wconf 78' lang='lat' dir='ltr'>einigen</span> <span class='ocrx_word' id='word_1_135' title='bbox 724 2299 942 2354; x_wconf 82' lang='lat' dir='ltr'>Heudsohristen</span> <span class='ocrx_word' id='word_1_136' title='bbox 963 2302 1071 2368; x_wconf 79' lang='lat' dir='ltr'>finden,</span> <span class='ocrx_word' id='word_1_137' title='bbox 1100 2301 1163 2354; x_wconf 85' lang='lat' dir='ltr'>sind</span> <span class='ocrx_word' id='word_1_138' title='bbox 1182 2299 1273 2352; x_wconf 85' lang='lat' dir='ltr'>bloiee</span> 
     </span>
     <span class='ocr_line' id='line_1_20' title="bbox 226 2382 1272 2454; baseline -0.003 -15"><span class='ocrx_word' id='word_1_139' title='bbox 226 2386 440 2450; x_wconf 71' lang='lat' dir='ltr'>Eekl&#39;irungem</span> <span class='ocrx_word' id='word_1_140' title='bbox 459 2382 519 2433; x_wconf 86' lang='lat' dir='ltr'>und</span> <span class='ocrx_word' id='word_1_141' title='bbox 537 2384 696 2450; x_wconf 71' lang='lat' dir='ltr'>Heusinger</span> <span class='ocrx_word' id='word_1_142' title='bbox 713 2384 790 2435; x_wconf 77' lang='lat' dir='ltr'>bitte</span> <span class='ocrx_word' id='word_1_143' title='bbox 807 2385 834 2452; x_wconf 83' lang='lat' dir='ltr'>ja</span> <span class='ocrx_word' id='word_1_144' title='bbox 852 2387 932 2438; x_wconf 77' lang='lat' dir='ltr'>nicht</span> <span class='ocrx_word' id='word_1_145' title='bbox 945 2389 1035 2454; x_wconf 75' lang='lat' dir='ltr'>plura</span> <span class='ocrx_word' id='word_1_146' title='bbox 1048 2390 1197 2440; x_wconf 75' lang='lat' dir='ltr'>vouziehen</span> <span class='ocrx_word' id='word_1_147' title='bbox 1211 2385 1272 2438; x_wconf 87' lang='lat' dir='ltr'>sol·</span> 
     </span>
     <span class='ocr_line' id='line_1_21' title="bbox 223 2466 1271 2540; baseline 0.002 -19"><span class='ocrx_word' id='word_1_148' title='bbox 223 2467 283 2522; x_wconf 82' lang='lat' dir='ltr'>len.</span> <span class='ocrx_word' id='word_1_149' title='bbox 330 2467 395 2535; x_wconf 71' lang='lat' dir='ltr'>Vgt.</span> <span class='ocrx_word' id='word_1_150' title='bbox 413 2466 513 2518; x_wconf 78' lang='lat' dir='ltr'>Duker</span> <span class='ocrx_word' id='word_1_151' title='bbox 531 2483 566 2518; x_wconf 80' lang='lat' dir='ltr'>eu</span> <span class='ocrx_word' id='word_1_152' title='bbox 581 2467 684 2518; x_wconf 79' lang='lat' dir='ltr'>Livius</span> <span class='ocrx_word' id='word_1_153' title='bbox 701 2467 834 2521; x_wconf 79' lang='lat' dir='ltr'><strong><em>XXXIV.</em></strong></span> <span class='ocrx_word' id='word_1_154' title='bbox 852 2470 993 2539; x_wconf 87' lang='lat' dir='ltr'>Epitome.</span> <span class='ocrx_word' id='word_1_155' title='bbox 1042 2474 1136 2540; x_wconf 83' lang='lat' dir='ltr'>Quum</span> <span class='ocrx_word' id='word_1_156' title='bbox 1158 2477 1194 2525; x_wconf 87' lang='lat' dir='ltr'>itt</span> <span class='ocrx_word' id='word_1_157' title='bbox 1212 2487 1271 2525; x_wconf 68' lang='lat' dir='ltr'>nes</span> 
     </span>
     <span class='ocr_line' id='line_1_22' title="bbox 227 2557 293 2608; baseline 0.061 -4"><span class='ocrx_word' id='word_1_158' title='bbox 227 2557 293 2608; x_wconf 82' lang='lat' dir='ltr'>etsi.</span> 
     </span>
     <span class='ocr_line' id='line_1_23' title="bbox 178 2640 1267 2721; baseline 0.002 -25"><span class='ocrx_word' id='word_1_159' title='bbox 178 2716 181 2721; x_wconf 12' lang='grc' dir='ltr'><em>ᾗ</em></span> <span class='ocrx_word' id='word_1_160' title='bbox 313 2642 561 2713; x_wconf 82' lang='lat' dir='ltr'>adolescentulus]</span> <span class='ocrx_word' id='word_1_161' title='bbox 597 2643 650 2697; x_wconf 86' lang='lat' dir='ltr'>Die</span> <span class='ocrx_word' id='word_1_162' title='bbox 667 2640 835 2694; x_wconf 79' lang='lat' dir='ltr'>diminutive</span> <span class='ocrx_word' id='word_1_163' title='bbox 851 2645 935 2696; x_wconf 83' lang='lat' dir='ltr'>Ferm</span> <span class='ocrx_word' id='word_1_164' title='bbox 957 2645 1065 2697; x_wconf 84' lang='lat' dir='ltr'>seheint</span> <span class='ocrx_word' id='word_1_165' title='bbox 1083 2645 1145 2696; x_wconf 84' lang='lat' dir='ltr'>hier</span> <span class='ocrx_word' id='word_1_166' title='bbox 1162 2647 1267 2700; x_wconf 80' lang='lat' dir='ltr'>keinen</span> 
     </span>
     <span class='ocr_line' id='line_1_24' title="bbox 223 2727 1268 2792; baseline -0.001 -6"><span class='ocrx_word' id='word_1_167' title='bbox 223 2729 383 2786; x_wconf 76' lang='lat' dir='ltr'>hetondern</span> <span class='ocrx_word' id='word_1_168' title='bbox 398 2727 569 2785; x_wconf 79' lang='lat' dir='ltr'>Nschdeuck</span> <span class='ocrx_word' id='word_1_169' title='bbox 588 2748 622 2782; x_wconf 80' lang='lat' dir='ltr'>eu</span> <span class='ocrx_word' id='word_1_170' title='bbox 640 2728 747 2792; x_wconf 78' lang='lat' dir='ltr'>huben,</span> <span class='ocrx_word' id='word_1_171' title='bbox 766 2728 825 2779; x_wconf 87' lang='lat' dir='ltr'>und</span> <span class='ocrx_word' id='word_1_172' title='bbox 843 2745 874 2781; x_wconf 86' lang='lat' dir='ltr'>so</span> <span class='ocrx_word' id='word_1_173' title='bbox 892 2728 977 2781; x_wconf 81' lang='lat' dir='ltr'>findet</span> <span class='ocrx_word' id='word_1_174' title='bbox 996 2746 1062 2783; x_wconf 84' lang='lat' dir='ltr'>men</span> <span class='ocrx_word' id='word_1_175' title='bbox 1080 2736 1120 2782; x_wconf 87' lang='lat' dir='ltr'>sie</span> <span class='ocrx_word' id='word_1_176' title='bbox 1138 2731 1209 2783; x_wconf 84' lang='lat' dir='ltr'>euch</span> <span class='ocrx_word' id='word_1_177' title='bbox 1230 2750 1268 2785; x_wconf 82' lang='lat' dir='ltr'>en</span> 
     </span>
     <span class='ocr_line' id='line_1_25' title="bbox 225 2810 1268 2883; baseline -0.005 -10"><span class='ocrx_word' id='word_1_178' title='bbox 225 2817 334 2873; x_wconf 84' lang='lat' dir='ltr'>endem</span> <span class='ocrx_word' id='word_1_179' title='bbox 352 2815 488 2875; x_wconf 86' lang='lat' dir='ltr'>Worten.</span> <span class='ocrx_word' id='word_1_180' title='bbox 523 2815 599 2870; x_wconf 87' lang='lat' dir='ltr'>Wer</span> <span class='ocrx_word' id='word_1_181' title='bbox 616 2810 749 2883; x_wconf 78' lang='lat' dir='ltr'>obrigeos</span> <span class='ocrx_word' id='word_1_182' title='bbox 773 2813 940 2867; x_wconf 80' lang='lat' dir='ltr'>adolescens</span> <span class='ocrx_word' id='word_1_183' title='bbox 957 2813 1016 2868; x_wconf 85' lang='lat' dir='ltr'>uod</span> <span class='ocrx_word' id='word_1_184' title='bbox 1034 2814 1268 2869; x_wconf 83' lang='lat' dir='ltr'>adolescentulus</span> 
     </span>
    </p>
   </div>
   <div class='ocr_carea' id='block_1_4' title="bbox 225 2899 1266 3114">
    <p class='ocr_par' dir='ltr' id='par_1_4' title="bbox 225 2899 1266 3114">
     <span class='ocr_line' id='line_1_26' title="bbox 225 2899 900 2976; baseline -0.004 -18"><span class='ocrx_word' id='word_1_185' title='bbox 225 2902 376 2976; x_wconf 79' lang='lat' dir='ltr'>cigentlioh</span> <span class='ocrx_word' id='word_1_186' title='bbox 394 2899 501 2970; x_wconf 80' lang='lat' dir='ltr'>heiste,</span> <span class='ocrx_word' id='word_1_187' title='bbox 519 2900 595 2954; x_wconf 83' lang='lat' dir='ltr'>siche</span> <span class='ocrx_word' id='word_1_188' title='bbox 612 2918 648 2953; x_wconf 76' lang='lat' dir='ltr'>eu</span> <span class='ocrx_word' id='word_1_189' title='bbox 665 2900 807 2952; x_wconf 79' lang='lat' dir='ltr'>Eumenes</span> <span class='ocrx_word' id='word_1_190' title='bbox 824 2901 855 2968; x_wconf 89' lang='lat'>1,</span> <span class='ocrx_word' id='word_1_191' title='bbox 873 2911 900 2970; x_wconf 71' lang='lat'>4.</span> 
     </span>
     <span class='ocr_line' id='line_1_27' title="bbox 258 2988 1266 3114; baseline 0.003 -20"><span class='ocrx_word' id='word_1_192' title='bbox 258 3055 286 3110; x_wconf 76' lang='lat'>3.</span> <span class='ocrx_word' id='word_1_193' title='bbox 312 2988 349 3094; x_wconf 64' lang='lat' dir='ltr'>he</span> <span class='ocrx_word' id='word_1_194' title='bbox 360 3040 456 3114; x_wconf 76' lang='lat' dir='ltr'>sama</span> <span class='ocrx_word' id='word_1_195' title='bbox 474 3040 630 3093; x_wconf 80' lang='lat' dir='ltr'>dimicanti</span> <span class='ocrx_word' id='word_1_196' title='bbox 647 3039 758 3109; x_wconf 80' lang='lat' dir='ltr'>deesse]</span> <span class='ocrx_word' id='word_1_197' title='bbox 804 3040 885 3106; x_wconf 79' lang='lat' dir='ltr'>Ihm,</span> <span class='ocrx_word' id='word_1_198' title='bbox 910 3040 949 3093; x_wconf 82' lang='lat' dir='ltr'>da</span> <span class='ocrx_word' id='word_1_199' title='bbox 966 3047 1029 3095; x_wconf 79' lang='lat' dir='ltr'>sein</span> <span class='ocrx_word' id='word_1_200' title='bbox 1046 3051 1133 3111; x_wconf 64' lang='lat' dir='ltr'>guter</span> <span class='ocrx_word' id='word_1_201' title='bbox 1150 3041 1266 3096; x_wconf 83' lang='lat' dir='ltr'>Nahme</span> 
     </span>
    </p>
   </div>
   <div class='ocr_carea' id='block_1_5' title="bbox 219 3126 1267 3709">
    <p class='ocr_par' dir='ltr' id='par_1_5' title="bbox 219 3126 1267 3709">
     <span class='ocr_line' id='line_1_28' title="bbox 223 3126 1267 3201; baseline 0 -19"><span class='ocrx_word' id='word_1_202' title='bbox 223 3126 288 3201; x_wconf 77' lang='lat' dir='ltr'>ates</span> <span class='ocrx_word' id='word_1_203' title='bbox 299 3127 363 3179; x_wconf 84' lang='lat' dir='ltr'>dem</span> <span class='ocrx_word' id='word_1_204' title='bbox 380 3127 461 3197; x_wconf 75' lang='lat' dir='ltr'>Spiel</span> <span class='ocrx_word' id='word_1_205' title='bbox 475 3126 582 3192; x_wconf 81' lang='lat' dir='ltr'>stand,</span> <span class='ocrx_word' id='word_1_206' title='bbox 601 3126 760 3179; x_wconf 78' lang='lat' dir='ltr'>enestehen.</span> <span class='ocrx_word' id='word_1_207' title='bbox 807 3127 850 3179; x_wconf 79' lang='lat' dir='ltr'>ltu</span> <span class='ocrx_word' id='word_1_208' title='bbox 870 3127 1041 3182; x_wconf 72' lang='lat' dir='ltr'>elassischeu</span> <span class='ocrx_word' id='word_1_209' title='bbox 1060 3132 1155 3182; x_wconf 79' lang='lat' dir='ltr'>Letein</span> <span class='ocrx_word' id='word_1_210' title='bbox 1174 3135 1211 3182; x_wconf 86' lang='lat' dir='ltr'>itt</span> <span class='ocrx_word' id='word_1_211' title='bbox 1230 3130 1267 3182; x_wconf 83' lang='lat' dir='ltr'>de</span> 
     </span>
     <span class='ocr_line' id='line_1_29' title="bbox 222 3210 1267 3289; baseline 0 -21"><span class='ocrx_word' id='word_1_212' title='bbox 222 3216 324 3289; x_wconf 73' lang='lat' dir='ltr'>aliqua</span> <span class='ocrx_word' id='word_1_213' title='bbox 342 3232 373 3264; x_wconf 85' lang='lat' dir='ltr'>re</span> <span class='ocrx_word' id='word_1_214' title='bbox 393 3212 550 3277; x_wconf 81' lang='lat' dir='ltr'>dimicare,</span> <span class='ocrx_word' id='word_1_215' title='bbox 577 3210 695 3283; x_wconf 80' lang='lat' dir='ltr'>Gesaler</span> <span class='ocrx_word' id='word_1_216' title='bbox 714 3211 834 3284; x_wconf 68' lang='lat' dir='ltr'>laesae,</span> <span class='ocrx_word' id='word_1_217' title='bbox 863 3222 1015 3279; x_wconf 68' lang='lat' dir='ltr'>etnaseu</span> <span class='ocrx_word' id='word_1_218' title='bbox 1032 3217 1194 3281; x_wconf 63' lang='lat' dir='ltr'>vertiam,</span> <span class='ocrx_word' id='word_1_219' title='bbox 1219 3226 1267 3268; x_wconf 81' lang='lat' dir='ltr'>et-</span> 
     </span>
     <span class='ocr_line' id='line_1_30' title="bbox 221 3296 1266 3373; baseline 0.002 -21"><span class='ocrx_word' id='word_1_220' title='bbox 221 3320 289 3356; x_wconf 76' lang='lat' dir='ltr'>ms</span> <span class='ocrx_word' id='word_1_221' title='bbox 307 3296 380 3370; x_wconf 78' lang='lat' dir='ltr'>aeefs</span> <span class='ocrx_word' id='word_1_222' title='bbox 396 3298 478 3368; x_wconf 60' lang='lat' dir='ltr'>Spes!</span> <span class='ocrx_word' id='word_1_223' title='bbox 492 3304 600 3365; x_wconf 76' lang='lat' dir='ltr'>seteen.</span> <span class='ocrx_word' id='word_1_224' title='bbox 646 3299 717 3352; x_wconf 83' lang='lat' dir='ltr'>Man</span> <span class='ocrx_word' id='word_1_225' title='bbox 737 3298 802 3351; x_wconf 75' lang='lat' dir='ltr'>cehe</span> <span class='ocrx_word' id='word_1_226' title='bbox 822 3300 1002 3367; x_wconf 76' lang='lat' dir='ltr'>Heusingers</span> <span class='ocrx_word' id='word_1_227' title='bbox 1021 3303 1206 3373; x_wconf 77' lang='lat' dir='ltr'>Anmerkung</span> <span class='ocrx_word' id='word_1_228' title='bbox 1231 3322 1266 3355; x_wconf 82' lang='lat' dir='ltr'>zu</span> 
     </span>
     <span class='ocr_line' id='line_1_31' title="bbox 220 3381 1264 3454; baseline -0.002 -14"><span class='ocrx_word' id='word_1_229' title='bbox 220 3389 320 3441; x_wconf 84' lang='lat' dir='ltr'>Cicero</span> <span class='ocrx_word' id='word_1_230' title='bbox 330 3383 365 3436; x_wconf 86' lang='lat' dir='ltr'>de</span> <span class='ocrx_word' id='word_1_231' title='bbox 378 3381 503 3454; x_wconf 80' lang='lat' dir='ltr'>Officiis</span> <span class='ocrx_word' id='word_1_232' title='bbox 521 3384 550 3446; x_wconf 84' lang='grc' dir='ltr'>Ι,</span> <span class='ocrx_word' id='word_1_233' title='bbox 569 3384 682 3447; x_wconf 76' lang='lat' dir='ltr'>XXIV,</span> <span class='ocrx_word' id='word_1_234' title='bbox 702 3396 728 3448; x_wconf 87' lang='grc'>7.</span> <span class='ocrx_word' id='word_1_235' title='bbox 745 3412 780 3425; x_wconf 93' lang='grc'>-</span> <span class='ocrx_word' id='word_1_236' title='bbox 798 3383 905 3438; x_wconf 81' lang='lat' dir='ltr'>Deesee</span> <span class='ocrx_word' id='word_1_237' title='bbox 916 3388 1025 3452; x_wconf 80' lang='lat' dir='ltr'>alicui,</span> <span class='ocrx_word' id='word_1_238' title='bbox 1044 3391 1126 3439; x_wconf 87' lang='lat' dir='ltr'>einen</span> <span class='ocrx_word' id='word_1_239' title='bbox 1136 3391 1175 3439; x_wconf 86' lang='lat' dir='ltr'>im</span> <span class='ocrx_word' id='word_1_240' title='bbox 1186 3388 1264 3441; x_wconf 90' lang='lat' dir='ltr'>Stich</span> 
     </span>
     <span class='ocr_line' id='line_1_32' title="bbox 219 3467 1264 3539; baseline -0.003 -15"><span class='ocrx_word' id='word_1_241' title='bbox 219 3471 326 3524; x_wconf 75' lang='lat' dir='ltr'>lescen.</span> <span class='ocrx_word' id='word_1_242' title='bbox 361 3470 432 3523; x_wconf 82' lang='lat' dir='ltr'>Men</span> <span class='ocrx_word' id='word_1_243' title='bbox 451 3483 513 3538; x_wconf 75' lang='lat' dir='ltr'>sege</span> <span class='ocrx_word' id='word_1_244' title='bbox 531 3473 561 3518; x_wconf 87' lang='lat' dir='ltr'>in</span> <span class='ocrx_word' id='word_1_245' title='bbox 580 3469 650 3519; x_wconf 88' lang='lat' dir='ltr'>eben</span> <span class='ocrx_word' id='word_1_246' title='bbox 668 3467 774 3521; x_wconf 84' lang='lat' dir='ltr'>diesem</span> <span class='ocrx_word' id='word_1_247' title='bbox 791 3470 877 3527; x_wconf 83' lang='lat' dir='ltr'>Sinne</span> <span class='ocrx_word' id='word_1_248' title='bbox 888 3473 959 3527; x_wconf 79' lang='lat' dir='ltr'>euch</span> <span class='ocrx_word' id='word_1_249' title='bbox 972 3473 1088 3538; x_wconf 76' lang='lat' dir='ltr'>abesse,</span> <span class='ocrx_word' id='word_1_250' title='bbox 1106 3472 1164 3525; x_wconf 88' lang='lat' dir='ltr'>und</span> <span class='ocrx_word' id='word_1_251' title='bbox 1178 3473 1264 3539; x_wconf 72' lang='lat' dir='ltr'>longe</span> 
     </span>
     <span class='ocr_line' id='line_1_33' title="bbox 222 3544 1262 3628; baseline 0 -20"><span class='ocrx_word' id='word_1_252' title='bbox 222 3574 297 3623; x_wconf 84' lang='lat' dir='ltr'>esse,</span> <span class='ocrx_word' id='word_1_253' title='bbox 326 3556 411 3622; x_wconf 75' lang='lat' dir='ltr'>longe</span> <span class='ocrx_word' id='word_1_254' title='bbox 430 3552 528 3603; x_wconf 83' lang='lat' dir='ltr'>abesse</span> <span class='ocrx_word' id='word_1_255' title='bbox 547 3554 647 3607; x_wconf 73' lang='lat' dir='ltr'>elicui.</span> <span class='ocrx_word' id='word_1_256' title='bbox 695 3555 778 3610; x_wconf 74' lang='lat' dir='ltr'>ovid.</span> <span class='ocrx_word' id='word_1_257' title='bbox 801 3544 927 3612; x_wconf 81' lang='lat' dir='ltr'>Metam.</span> <span class='ocrx_word' id='word_1_258' title='bbox 953 3558 1089 3628; x_wconf 70' lang='lat' dir='ltr'>1v,649.</span> <span class='ocrx_word' id='word_1_259' title='bbox 1117 3576 1153 3611; x_wconf 86' lang='lat' dir='ltr'>ne</span> <span class='ocrx_word' id='word_1_260' title='bbox 1177 3559 1262 3626; x_wconf 71' lang='lat' dir='ltr'>lenge</span> 
     </span>
     <span class='ocr_line' id='line_1_34' title="bbox 219 3639 516 3709; baseline -0.007 -17"><span class='ocrx_word' id='word_1_261' title='bbox 219 3641 275 3696; x_wconf 72' lang='lat' dir='ltr'>sibe·</span> <span class='ocrx_word' id='word_1_262' title='bbox 291 3643 409 3709; x_wconf 80' lang='lat' dir='ltr'>Jupiter</span> <span class='ocrx_word' id='word_1_263' title='bbox 426 3639 516 3690; x_wconf 81' lang='lat' dir='ltr'>absit.</span> 
     </span>
    </p>
   </div>
   <div class='ocr_carea' id='block_1_6' title="bbox 306 3728 897 3804">
    <p class='ocr_par' dir='ltr' id='par_1_6' title="bbox 306 3728 897 3804">
     <span class='ocr_line' id='line_1_35' title="bbox 306 3728 897 3804; baseline 0 -13"><span class='ocrx_word' id='word_1_264' title='bbox 306 3737 395 3791; x_wconf 77' lang='lat' dir='ltr'>Hunc</span> <span class='ocrx_word' id='word_1_265' title='bbox 413 3728 571 3803; x_wconf 81' lang='lat' dir='ltr'>adversus]</span> <span class='ocrx_word' id='word_1_266' title='bbox 606 3732 671 3804; x_wconf 77' lang='lat' dir='ltr'>Vgl.</span> <span class='ocrx_word' id='word_1_267' title='bbox 691 3734 789 3788; x_wconf 80' lang='lat' dir='ltr'>Conon</span> <span class='ocrx_word' id='word_1_268' title='bbox 806 3736 851 3803; x_wconf 85' lang='grc' dir='ltr'>ΙΙ,</span> <span class='ocrx_word' id='word_1_269' title='bbox 870 3753 897 3791; x_wconf 78' lang='lat'>2.</span> 
     </span>
    </p>
   </div>
   <div class='ocr_carea' id='block_1_7' title="bbox 511 3927 970 3955">
    <p class='ocr_par' dir='ltr' id='par_1_7' title="bbox 511 3927 970 3955">
     <span class='ocr_line' id='line_1_36' title="bbox 511 3927 970 3955; baseline -0.002 -5"><span class='ocrx_word' id='word_1_270' title='bbox 511 3927 970 3955; x_wconf 47' lang='lat'>*—</span> 
     </span>
    </p>
   </div>
   <div class='ocr_carea' id='block_1_8' title="bbox 0 0 1366 4838">
    <p class='ocr_par' dir='ltr' id='par_1_8' title="bbox 0 0 1366 4838">
     <span class='ocr_line' id='line_1_37' title="bbox 0 0 1366 4838; baseline 0 7"><span class='ocrx_word' id='word_1_271' title='bbox 0 0 1366 4838; x_wconf 95' lang='lat' dir='ltr'> </span> 
     </span>
    </p>
   </div>
  </div>
 </body>
</html>
