2722 4838
282 310 342 376 aaa
551 309 659 372 xav.
678 309 844 372 naama.
885 309 962 393 cap.
982 311 1059 373 11:

339 477 407 527 set:
425 458 653 535 Mithridates,
675 460 868 542 priusquam
891 463 932 523 ad
952 482 1030 524 suos
1051 464 1253 544 perveniret,
1279 488 1328 531 ne

340 589 443 649 quam
463 565 689 648 suspicionem
712 580 853 648 pareret,
887 565 924 628 in
951 569 1109 628 eumdem
1135 569 1247 630 iocum
1275 594 1329 634 re·

338 674 497 743 vertitur,
517 685 618 749 atque
639 669 705 743 ibi,
728 669 790 730 ubi
813 672 919 732 telum
939 688 1006 733 erat
1029 673 1241 755 impositum,
1274 698 1326 740 re·

264 796 268 802 ·
288 823 293 831 .
335 776 439 850 aedit,
459 775 583 838 utria
604 773 799 863 lassitudine
820 792 954 858 cuperet
970 777 1197 856 adquiescere:
1218 780 1325 842 Data-

336 893 496 960 memque
516 879 701 955 revocavit,
733 879 899 942 simulans
918 901 953 943 se
974 882 1134 961 quiddam
1156 884 1193 945 in
1217 886 1325 947 collo·

272 999 307 1067 4.
336 985 418 1066 quie
438 1004 507 1048 esse
528 984 683 1048 oblitum.
734 984 878 1047 Interim
900 986 1023 1060 telum,
1058 987 1150 1067 quod
1177 989 1321 1065 latebat,

311 1201 339 1256 3.
366 1191 415 1243 ubi
439 1190 528 1242 telum
552 1197 617 1240 erat
641 1185 824 1257 impositum]
872 1189 990 1242 Lambin
1016 1191 1197 1264 belrauptete,
1225 1195 1319 1246 telum

275 1275 372 1328 ltdnne
387 1276 466 1327 nicht
484 1274 529 1327 fur
546 1272 665 1342 gladius
686 1288 790 1341 geeetat
805 1273 927 1355 nerden.
963 1277 1017 1328 Um
1029 1283 1081 1329 mit
1093 1278 1142 1331 der
1152 1279 1238 1332 Sache
1250 1279 1316 1332 aufe

275 1360 363 1415 Kiare
382 1379 415 1412 zu
431 1361 577 1447 toramen,
598 1366 712 1411 mitten
725 1363 778 1412 wir
796 1375 851 1410 von
864 1375 948 1410 arma
962 1361 1018 1411 und
1035 1365 1094 1412 tela
1107 1363 1166 1415 und
1177 1364 1239 1417 dern
1252 1365 1320 1416 Un-

275 1456 430 1511 terschiade
448 1457 586 1509 atrischen
611 1455 718 1527 beyden
744 1453 839 1509 reden.
884 1459 994 1520 Arma,
1024 1460 1189 1512 Griechiach
1216 1448 1317 1520 ὅπλα.

193 1566 195 1570 ·
274 1548 312 1594 iat
331 1543 465 1594 aunirhst
481 1541 525 1594 die
545 1543 695 1608 Iit'tstung,
713 1541 817 1593 welche
839 1559 890 1593 aur
908 1543 1102 1611 Beacltt'rtzung
1121 1545 1168 1596 des
1190 1547 1315 1615 Kilrpers

276 1642 364 1694 gagen
383 1625 582 1696 Verwundung
601 1629 692 1690 dieat,
712 1648 736 1680 z.
748 1629 780 1680 B.
798 1625 896 1693 Helm,
915 1628 1067 1693 Hernisch,
1086 1629 1189 1681 Sclrild.
1228 1632 1317 1683 Danu

274 1713 341 1766 abet·
357 1711 428 1764 wirtl
446 1728 474 1765 es
503 1713 574 1764 atach
601 1731 655 1765 von
680 1711 734 1765 den
756 1710 894 1786 Waffen
920 1713 1084 1784 gebraucht,
1112 1714 1216 1764 welche
1243 1734 1315 1768 zum

274 1797 490 1870 Angrr'fl'und
507 1817 561 1849 zur
579 1797 792 1866 Vemtendurrg
815 1804 846 1850 tn
865 1798 916 1851 der
935 1799 1018 1854 Ndlte
1041 1797 1156 1863 dienen,
1185 1798 1242 1850 und
1264 1806 1314 1853 nie

273 1883 368 1938 indie
387 1887 472 1938 Ferne
490 1884 645 1954 geworlen,
666 1884 788 1938 sondern
806 1889 907 1938 immer
922 1891 952 1938 in
969 1884 1018 1937 der
1035 1884 1116 1938 Hand
1138 1885 1190 1936 fest
1211 1885 1314 1951 gelmi-

273 1984 322 2023 ten
338 1972 468 2036 werden,
486 1991 510 2026 z.
524 1972 556 2025 B.
576 1972 715 2036 Selrwert,
735 1969 837 2038 Kenle,
856 1972 957 2042 quibua
979 1976 1134 2024 comminus
1151 1987 1311 2040 pugnatur,

274 2055 446 2136 ἆγχέμαχα
471 2057 560 2122 ὅπλα.
612 2071 684 2123 Teia
714 2070 852 2138 hingegen
884 2071 947 2125 sind
977 2072 1111 2123 sunichst
1142 2069 1311 2136 Gesclaosse,

272 2150 455 2221 Wsrkaeuge
474 2170 523 2204 zur
544 2156 744 2222 Verwundung
765 2159 794 2206 in
811 2157 855 2207 die
866 2158 970 2223 Ferae,
988 2155 1164 2226 dergleielren
1179 2155 1313 2219 Wasien,

271 2238 440 2302 wiaPseile,
458 2237 626 2302 Schleutler,
644 2240 836 2310 Wurlspiess,
854 2242 964 2294 Steine:
985 2263 1085 2307 arma,
1103 2262 1165 2313 ‹711oe
1176 2241 1310 2314 ferren-

272 2330 348 2383 tur,
367 2340 425 2372 non
442 2339 503 2389 qnoe
521 2329 665 2374 tenentur.
704 2326 800 2378 Varro
818 2325 936 2391 Fragm.
955 2346 982 2395 p.
1001 2339 1061 2394 245.
1082 2333 1143 2399 Btp.
1180 2330 1215 2382 So
1237 2328 1306 2378 lehrt

272 2403 367 2468 Cujus
382 2406 615 2455 Jurtsconsnttus
628 2405 662 2453 de
679 2409 833 2457 verborum
843 2410 1075 2479 significatione.
1110 2415 1210 2465 Telum
1227 2411 1306 2479 vulgo

270 2483 384 2553 quidem
402 2485 430 2535 id
449 2485 620 2553 appellatur,
647 2490 722 2554 quod
741 2491 776 2540 ab
793 2508 860 2541 arou
882 2500 1021 2554 mittitur;
1052 2499 1100 2548 sed
1127 2519 1202 2550 nunc
1227 2514 1308 2550 omne

269 2566 457 2637 significatur,
476 2569 552 2635 qttod
566 2574 696 2620 mittitur
713 2590 811 2625 manre.
857 2576 900 2624 lta
921 2584 1061 2644 sequitur,
1092 2596 1122 2629 ut
1146 2598 1172 2630 et
1190 2584 1261 2650 lapis
1283 2598 1311 2637 at

267 2651 379 2722 lignum
398 2666 424 2704 et
441 2651 547 2704 serrum
573 2654 626 2705 hoc
652 2660 767 2707 nomine
785 2660 985 2721 ¹contineatur,
1014 2659 1175 2727 dictumque
1200 2666 1235 2711 ab
1259 2685 1313 2730 eo,

268 2746 345 2821 quod
364 2752 394 2801 in
412 2749 600 2821 longinquum
616 2755 756 2819 mittitur,
786 2753 883 2807 Graeca
907 2773 975 2806 voce
999 2754 1148 2824 figuratum
1174 2744 1232 2807 οἷπό
1255 2759 1311 2813 ’τοῦ

250 2840 380 2909 Ι’τηλυι’ῐ,
413 2845 517 2912 idest,
546 2850 649 2914 abeo,
676 2848 920 2923 quodeationge.
966 2852 1003 2906 So
1023 2853 1176 2922 entspricht
1199 2855 1310 2910 eadem

268 2946 469 3000 Griecbitehen
487 2939 595 3012 βέλος,
617 2945 675 2999 und
687 2945 849 3000 bezeichnet
860 2944 931 2998 aller
941 2947 1028 3000 tlt-ten
1041 2965 1118 3000 arma
1136 2947 1307 3014 τηλεβόλα,

269 3031 371 3102 quibua
386 3037 495 3085 eminus
511 3047 664 3103 pugnatur.
699 3034 784 3086 Dann
798 3029 914 3083 amiatae
928 3049 956 3086 es
969 3033 1124 3105 uberhaupt
1137 3035 1245 3096 eolclre,
1261 3039 1309 3089 ‹lie

269 3134 321 3181 aur
338 3117 568 3186 Vereruridrmg,
594 3134 659 3170 aum
684 3114 959 3190 Angrtffllienen,
994 3136 1040 3191 sey
1059 3137 1087 3173 ea
1114 3121 1205 3173 indie
1225 3123 1308 3174 Nihe

270 3203 340 3256 oder
355 3207 385 3255 in
399 3201 444 3256 dia
459 3204 554 3256 Ferne.
590 3203 723 3256 Telorum
737 3201 924 3276 appellatione
934 3211 1045 3269 omnia,
1063 3205 1208 3274 exquibus
1221 3209 1309 3260 saluti

268 3285 392 3340 hominis
413 3293 507 3340 noceri
523 3292 627 3358 possit,
646 3293 839 3359 accipiuntur,
859 3303 921 3357 sagr
939 3290 1037 3341 ,trelius
1056 3291 1162 3343 Paulus
1180 3300 1306 3344 sentent.

268 3381 376 3441 recept.
391 3374 432 3436 V,
450 3383 483 3437 3,
501 3383 527 3437 5.
564 3375 618 3425 Die
632 3372 797 3426 Auadrncta
815 3389 898 3423 arma
915 3373 973 3426 und
987 3376 1047 3425 tela
1062 3377 1176 3427 kdnnen
1199 3377 1258 3428 also
1274 3381 1303 3427 iu

268 3474 300 3509 eo
316 3457 378 3510 sern
393 3461 445 3509 mit
460 3456 593 3509 einander
608 3458 788 3511 verwechselt
807 3456 935 3525 werden,
958 3459 1000 3512 alt
1022 3459 1111 3530 beyde
1131 3459 1304 3513 verletzende

267 3540 389 3596 Wassen
403 3541 586 3603 bezeichnen;
606 3561 691 3595 arena
703 3543 837 3598 zuweilen
850 3559 933 3613 aogar
944 3561 1013 3613 gana
1023 3545 1172 3613 allgenrein
1185 3546 1229 3597 ine
1241 3546 1303 3595 tela

268 3630 299 3678 in
313 3625 421 3697 heyden
437 3624 652 3695 Bedeutnngen,
671 3630 809 3700 hingegen
825 3632 885 3681 teta
897 3631 1034 3684 niemahla
1045 3636 1073 3682 in
1086 3630 1135 3682 der
1144 3647 1235 3683 ersten
1247 3631 1303 3682 Be-

269 3709 394 3782 deutung
409 3729 464 3763 von
485 3729 570 3762 arma
591 3711 637 3763 sur
652 3715 752 3779 Helm,
771 3714 877 3768 Schtld.
914 3715 1002 3769 ovid.
1023 3718 1149 3769 Metam.
1165 3717 1220 3778 xl,
1239 3723 1304 3779 382.

268 3796 387 3848 inducre
408 3815 507 3860 arma,
527 3797 707 3866 violentaque
726 3818 838 3850 tremere
856 3801 898 3850 tel
919 3837 926 3852 .
944 3829 979 3842 -
996 3802 1054 3853 Aua
1076 3801 1167 3853 dieser
1186 3802 1304 3852 Erdrte-

222 3935 223 3938 Ἴ
269 3897 342 3947 rung
360 3881 449 3950 ergibt
467 3882 525 3934 sirit
543 3881 732 3952 irinliinglich,
751 3882 812 3935 dass
836 3884 925 3933 telum
948 3884 1012 3936 sehr
1032 3900 1080 3952 gut
1102 3904 1166 3937 vorn
1183 3884 1302 3951 gladius

268 3962 419 4027 gebraucht
439 3967 550 4019 werden
567 3969 660 4034 kann,
678 3968 741 4018 weil
760 3985 791 4019 er
808 3972 853 4017 ein
874 3969 1092 4022 verwundentles
1113 3971 1231 4025 Wall'en
1255 3974 1301 4022 ist.

268 4045 304 4098 So
323 4048 396 4099 steht
414 4051 485 4123 auch
503 4051 649 4106 Alcibiad.
669 4053 709 4120 x,
728 4061 755 4116 5.
771 4053 908 4106 subalare
926 4057 1024 4110 telum.
