2722 4838
216 361 219 365 ’
254 350 413 418 XVIII.
433 351 599 414 Eumenes.
638 348 926 433 CapVLVII.
959 387 967 399 ·
1052 364 1113 434 249
1209 437 1214 453 ‚

133 505 299 572 exercitus
320 516 460 586 pararet,
483 520 568 582 quoe
585 498 651 563 eibi
670 499 820 562 subsidio
839 502 1028 565 adduceret.
1067 502 1112 564 Id

135 634 206 694 quo
226 611 358 674 facilius
380 608 515 683 faceret,
545 626 580 668 ee
604 605 764 667 omnibus
788 605 960 688 praefectie,
989 605 1113 687 quiin

133 719 249 780 officio
276 718 473 789 manebant,
499 712 628 773 miricae
655 710 794 784 litteras,
820 724 859 773 ut
886 710 919 773 ei
945 727 1115 794 parerent,

134 820 275 902 ejusque
304 816 460 880 conciliis·
483 831 666 879 uterentur.
720 815 789 878 Hie
817 819 915 878 rebor
940 817 1113 879 Eumenen

134 939 322 1009 permotus,
348 923 451 985 ratius
473 922 590 997 duxit,
612 923 641 984 ei
662 923 706 985 i'ta
728 919 857 983 tulisset
876 921 1026 992 fortuna,
1045 942 1114 1003 per·
1144 956 1148 963 ·

135 1033 204 1106 ire,
231 1032 316 1091 bene
336 1027 463 1091 meritis
482 1028 679 1090 referentem
703 1001 862 1112 gratiana,
887 1046 991 1108 quam
1011 1026 1115 1110 ingra-a

136 1151 210 1199 tum
230 1153 357 1198 vivere.

473 1313 578 1385 Cer.
626 1313 708 1386 Vll.
778 1282 781 1287 ’

76 1480 110 1524 a.
139 1462 259 1542 Itaque
287 1458 398 1542 copiae
422 1455 608 1530 contraxit,
639 1456 770 1519 bellum
794 1454 952 1520 adversus
975 1454 1118 1540 Antigo-

139 1587 225 1628 num
246 1563 460 1646 comparavit.
504 1561 607 1649 Quod
622 1582 691 1623 una
709 1577 802 1626 erant
814 1561 1017 1625 Macedones
1030 1582 1117 1625 com·

136 1673 250 1754 plures
268 1670 399 1731 nobiles
415 1668 474 1751 (in
491 1667 545 1729 his
558 1669 752 1743 Peucestes,
771 1668 832 1748 qui
847 1668 991 1752 corporis
1006 1683 1116 1731 curtos
1166 1718 1169 1724 .

137 1776 245 1838 fuerat
263 1774 474 1849 Alexandri,
508 1756 581 1835 tum'
602 1787 714 1834 autem
734 1773 905 1837 obtinebat
927 1773 1116 1848 Persidem

136 1897 171 1945 et
189 1881 394 1964 Antigenes,
424 1879 519 1960 cujus
543 1883 605 1941 sub
626 1878 767 1960 imperio
789 1878 938 1960 phalanx
959 1893 1026 1940 erat
1046 1881 1118 1941 Ma·

138 1985 321 2062 redonum)
346 1985 512 2047 invidiam
536 2004 672 2056 verens,
699 1988 817 2063 (quam
841 1998 953 2044 tamen
972 1982 1119 2065 effugere

139 2110 212 2153 non
227 2089 367 2171 potuit),
388 2090 416 2149 ei
431 2090 542 2171 potius
558 2074 829 2172 ipcealienigena
842 2088 967 2150 summi
986 2088 1119 2170 imperii
1142 2160 1152 2178 .

138 2194 321 2276 potiretur,
341 2213 443 2274 quam
465 2193 525 2256 alii
544 2194 793 2269 Macedonum,
814 2214 961 2273 quorum
982 2194 1029 2256 ibi
1051 2208 1120 2257 erat

137 2297 343 2362 multitudo:
372 2297 410 2359 in
434 2298 608 2382 principiis
629 2299 770 2363 nomine
789 2298 983 2362 Alexandri
1005 2299 1120 2363 statuit

165 2483 263 2550 quiin
282 2473 389 2548 officio
409 2476 583 2549 manebant]
618 2478 678 2531 Der
690 2475 864 2532 Indicetivur
880 2483 911 2531 in
930 2482 1007 2532 einer
1025 2482 1116 2533 oratio

79 2563 203 2635 obliqua.
240 2561 364 2616 vidend
384 2562 555 2615 Miltiadem
575 2564 634 2629 111,
652 2573 679 2632 4.

165 2662 344 2739 referentem
364 2663 514 2735 gratiam]
549 2666 630 2720 Siehe
650 2681 685 2718 au
700 2664 985 2735 Tiemnt.v111,7.

112 2808 177 2860 vn.
217 2797 345 2878 rsqnam
364 2808 418 2858 alii
431 2805 646 2877 Macedonum]
681 2807 781 2862 Wenn
795 2807 840 2860 ich
856 2808 942 2860 echon
958 2813 997 2859 im
1009 2809 1118 2861 Corne·

79 2891 136 2945 lior
154 2893 233 2948 nicht
250 2895 318 2947 aller
335 2893 409 2946 nach
434 2893 485 2945 der
502 2890 627 2962 groseten
647 2893 821 2946 correctheit
844 2890 892 2943 dec
912 2891 979 2944 stile
1006 2894 1121 2945 verbec-

80 2997 145 3032 eern
166 2980 295 3044 miichte,
321 2998 352 3032 ιο
375 2980 426 3030 bin
451 2979 496 3030 ich
519 2975 591 3029 doch
614 2976 810 3045 unecblhseig,
835 2976 872 3025 ob
890 2977 1047 3030 nicbtbier
1065 2981 1120 3031 alii

81 3064 261 3119 Macedones
279 3080 313 3114 au
333 3063 412 3114 leaeo
434 3077 496 3132 eey,
515 3067 544 3112 in
560 3060 624 3111 dem
642 3062 729 3112 Sinne
747 3062 815 3124 alii,
837 3062 995 3132 etquidem
1012 3067 1120 3118 Maee-

80 3149 178 3202 dones.
215 3152 316 3204 Dieeer
334 3146 471 3202 Gedanke
492 3151 528 3198 iet
548 3146 610 3198 hier
632 3146 831 3216 nothwendlg,
849 3147 907 3202 und
926 3167 957 3202 er
978 3151 1049 3204 wird
1066 3151 1121 3206 dt·
1155 3150 1160 3162 ’

80 3235 189 3299 durch,
213 3234 273 3288 dale
292 3231 490 3288 Macedonum
509 3250 565 3285 von
587 3232 641 3282 alii
659 3232 800 3304 abhingig
823 3236 952 3303 gemacht
972 3237 1062 3302 wird,
1087 3243 1120 3291 in

80 3322 135 3373 den
156 3322 287 3375 Sebatten
308 3319 427 3390 gestella.
464 3320 544 3373 Auch
567 3317 638 3371 reird
663 3317 713 3372 der
737 3321 894 3390 Gegeneatr
916 3327 982 3375 neit
1000 3340 1121 3394 paesen-

83 3406 150 3471 der,
169 3413 227 3475 ipre
246 3409 414 3475 alienigena
430 3433 466 3447 -
484 3408 539 3458 alii
552 3403 741 3458 Macedones.
776 3408 836 3460 Der
857 3408 1007 3462 Genitivus
1023 3407 1120 3462 wilrde

80 3508 138 3543 von
157 3498 249 3545 einern
266 3492 452 3545 Abcebreiber
467 3493 642 3559 herrubren,
660 3492 782 3546 welcber
801 3495 855 3546 alii
871 3499 924 3548 rnit
938 3493 1044 3550 dleeem
1063 3495 1120 3549 Ct-

81 3595 129 3632 ιιιι
149 3582 303 3631 construite
320 3597 355 3630 eu
374 3576 467 3629 finden
485 3578 617 3647 genebat
633 3596 702 3637 war.

171 3678 202 3724 in
216 3669 385 3742 principiis]
420 3672 566 3743 Principia
579 3672 701 3726 eindder
712 3676 814 3729 Ortim
825 3677 929 3746 Lagea,
946 3694 990 3730 wo
1002 3675 1061 3730 ricla
1075 3674 1121 3730 dle

82 3758 284 3812 nornehmeten
300 3759 416 3814 Officier
433 3759 668 3827 rerrammelten,
686 3780 736 3815 um
748 3761 808 3816 rich
818 3763 887 3816 uber
901 3762 947 3815 dle
963 3763 1121 3830 Kriegran-

80 3844 291 3915 gelegenheiten
304 3864 338 3897 au
350 3845 499 3911 beratheri,
518 3843 587 3898 oder
598 3848 669 3901 uber
685 3853 746 3901 eine
764 3848 935 3918 geschebene
948 3849 1121 3920 Verletauog

82 3931 134 3984 der
151 3932 286 3985 Pssichten
305 3931 392 3984 Recht
416 3949 450 3984 au
475 3931 620 4004 aprechen.
655 3934 734 3987 Eben
758 3933 882 3988 darelbet
906 3934 1022 3988 nurden
1045 3935 1120 3990 anab

79 4018 126 4071 die
145 4018 258 4072 Fahuen
276 4017 468 4083 arsbewrhrt,
493 4015 552 4070 und
571 4019 829 4087 gotteedienrtliche
847 4019 1002 4089 Uebnngen
1020 4020 1120 4091 gebal·
1223 4058 1227 4069 ·

81 4117 140 4159 ten.
174 4104 221 4161 Sia
240 4122 336 4161 waren
352 4103 427 4158 nach
442 4103 570 4176 Polyenr
585 4105 723 4174 -zaugniss
742 4110 772 4163 in
788 4103 838 4161 der
848 4105 932 4165 Mitte
945 4104 993 4161 der
1004 4108 1120 4180 lagen,

106 4390 112 4425 l
