<?xml version="1.0" encoding="UTF-8"?>
<!DOCTYPE html PUBLIC "-//W3C//DTD XHTML 1.0 Transitional//EN"
    "http://www.w3.org/TR/xhtml1/DTD/xhtml1-transitional.dtd">
<html xmlns="http://www.w3.org/1999/xhtml" xml:lang="en" lang="en">
 <head>
  <title>
</title>
<meta http-equiv="Content-Type" content="text/html;charset=utf-8" />
  <meta name='ocr-system' content='tesseract 3.04.00' />
  <meta name='ocr-capabilities' content='ocr_page ocr_carea ocr_par ocr_line ocrx_word'/>
</head>
<body>
  <div class='ocr_page' id='page_1' title='image "./devitaexcellent00bremgoog/devitaexcellent00bremgoog_0262.png"; bbox 0 0 2722 4838; ppageno 0'>
   <div class='ocr_carea' id='block_1_1' title="bbox 148 314 987 398">
    <p class='ocr_par' dir='ltr' id='par_1_1' title="bbox 148 314 987 398">
     <span class='ocr_line' id='line_1_1' title="bbox 148 314 987 398; baseline -0.006 -12"><span class='ocrx_word' id='word_1_1' title='bbox 148 323 208 391; x_wconf 63' lang='grc' dir='ltr'>αδδ</span> <span class='ocrx_word' id='word_1_2' title='bbox 376 374 382 388; x_wconf 84' lang='grc'><em>,</em></span> <span class='ocrx_word' id='word_1_3' title='bbox 415 317 521 382; x_wconf 86' lang='lat' dir='ltr'>XIX.</span> <span class='ocrx_word' id='word_1_4' title='bbox 541 315 698 378; x_wconf 83' lang='lat' dir='ltr'>Phocion.</span> <span class='ocrx_word' id='word_1_5' title='bbox 738 314 816 398; x_wconf 84' lang='lat' dir='ltr'>Cap.</span> <span class='ocrx_word' id='word_1_6' title='bbox 835 319 931 383; x_wconf 83' lang='lat'>111.</span> <span class='ocrx_word' id='word_1_7' title='bbox 982 315 987 327; x_wconf 85' lang='lat'>&#39;</span> 
     </span>
    </p>
   </div>
   <div class='ocr_carea' id='block_1_2' title="bbox 149 465 1232 2222">
    <p class='ocr_par' dir='ltr' id='par_1_2' title="bbox 208 465 1232 760">
     <span class='ocr_line' id='line_1_2' title="bbox 208 465 1231 571; baseline 0.007 -40"><span class='ocrx_word' id='word_1_8' title='bbox 208 471 358 532; x_wconf 74' lang='lat' dir='ltr'>hocerat</span> <span class='ocrx_word' id='word_1_9' title='bbox 378 467 532 530; x_wconf 87' lang='lat' dir='ltr'>Phocion</span> <span class='ocrx_word' id='word_1_10' title='bbox 553 480 586 527; x_wconf 90' lang='lat' dir='ltr'>et</span> <span class='ocrx_word' id='word_1_11' title='bbox 607 465 804 527; x_wconf 86' lang='lat' dir='ltr'>Demetrius</span> <span class='ocrx_word' id='word_1_12' title='bbox 824 467 1042 536; x_wconf 83' lang='lat' dir='ltr'>Phalereus.</span> <span class='ocrx_word' id='word_1_13' title='bbox 1091 480 1231 571; x_wconf 72' lang='lat' dir='ltr'>Harum¹</span> 
     </span>
     <span class='ocr_line' id='line_1_3' title="bbox 209 570 1230 669; baseline 0.008 -33"><span class='ocrx_word' id='word_1_14' title='bbox 209 590 351 654; x_wconf 85' lang='lat' dir='ltr'>utraque</span> <span class='ocrx_word' id='word_1_15' title='bbox 365 573 592 635; x_wconf 82' lang='lat' dir='ltr'><strong>Macedonum</strong></span> <span class='ocrx_word' id='word_1_16' title='bbox 608 570 798 651; x_wconf 80' lang='lat' dir='ltr'>patrociniis</span> <span class='ocrx_word' id='word_1_17' title='bbox 812 573 1006 639; x_wconf 82' lang='lat' dir='ltr'>nitebatur.</span> <span class='ocrx_word' id='word_1_18' title='bbox 1055 583 1152 660; x_wconf 79' lang='lat' dir='ltr'>Nam</span> <span class='ocrx_word' id='word_1_19' title='bbox 1169 608 1207 669; x_wconf 75' lang='lat' dir='ltr'>po</span> <span class='ocrx_word' id='word_1_20' title='bbox 1227 598 1230 605; x_wconf 92' lang='grc'><strong>’</strong></span> 
     </span>
     <span class='ocr_line' id='line_1_4' title="bbox 209 674 1232 760; baseline 0.015 -21"><span class='ocrx_word' id='word_1_21' title='bbox 209 680 341 760; x_wconf 84' lang='lat' dir='ltr'>pulares</span> <span class='ocrx_word' id='word_1_22' title='bbox 355 674 631 758; x_wconf 82' lang='lat' dir='ltr'>Polysperchonti</span> <span class='ocrx_word' id='word_1_23' title='bbox 645 675 816 738; x_wconf 84' lang='lat' dir='ltr'>favebant:</span> <span class='ocrx_word' id='word_1_24' title='bbox 837 680 1035 758; x_wconf 80' lang='lat' dir='ltr'>optimates</span> <span class='ocrx_word' id='word_1_25' title='bbox 1051 709 1138 751; x_wconf 87' lang='lat' dir='ltr'>cum</span> <span class='ocrx_word' id='word_1_26' title='bbox 1151 693 1206 753; x_wconf 78' lang='lat' dir='ltr'>Cas</span> <span class='ocrx_word' id='word_1_27' title='bbox 1228 716 1232 727; x_wconf 91' lang='lat'>·</span> 
     </span>
    </p>

    <p class='ocr_par' dir='ltr' id='par_1_3' title="bbox 149 779 1206 1393">
     <span class='ocr_line' id='line_1_5' title="bbox 149 779 1206 865; baseline 0.016 -22"><span class='ocrx_word' id='word_1_28' title='bbox 149 804 181 855; x_wconf 72' lang='lat' dir='ltr'>s.</span> <span class='ocrx_word' id='word_1_29' title='bbox 210 783 329 845; x_wconf 86' lang='lat' dir='ltr'>ssudro</span> <span class='ocrx_word' id='word_1_30' title='bbox 357 780 554 843; x_wconf 75' lang='lat' dir='ltr'>sentiebant.</span> <span class='ocrx_word' id='word_1_31' title='bbox 594 779 737 842; x_wconf 83' lang='lat' dir='ltr'>Interim</span> <span class='ocrx_word' id='word_1_32' title='bbox 763 802 781 842; x_wconf 87' lang='lat' dir='ltr'>a</span> <span class='ocrx_word' id='word_1_33' title='bbox 810 783 1127 865; x_wconf 85' lang='lat' dir='ltr'>Polysperchonte</span> <span class='ocrx_word' id='word_1_34' title='bbox 1152 797 1206 859; x_wconf 74' lang='lat' dir='ltr'>eu·</span> 
     </span>
     <span class='ocr_line' id='line_1_6' title="bbox 209 883 1206 982; baseline 0.017 -35"><span class='ocrx_word' id='word_1_35' title='bbox 209 887 329 948; x_wconf 82' lang='lat' dir='ltr'>rander</span> <span class='ocrx_word' id='word_1_36' title='bbox 357 883 556 948; x_wconf 78' lang='lat' dir='ltr'>Macedonia</span> <span class='ocrx_word' id='word_1_37' title='bbox 584 885 701 964; x_wconf 87' lang='lat' dir='ltr'>pulsus</span> <span class='ocrx_word' id='word_1_38' title='bbox 732 901 788 946; x_wconf 82' lang='lat' dir='ltr'>est.</span> <span class='ocrx_word' id='word_1_39' title='bbox 831 886 914 973; x_wconf 79' lang='lat' dir='ltr'>Quo</span> <span class='ocrx_word' id='word_1_40' title='bbox 941 890 1042 956; x_wconf 83' lang='lat' dir='ltr'>facto</span> <span class='ocrx_word' id='word_1_41' title='bbox 1071 904 1206 982; x_wconf 83' lang='lat' dir='ltr'>populus</span> 
     </span>
     <span class='ocr_line' id='line_1_7' title="bbox 208 989 1205 1082; baseline 0.017 -28"><span class='ocrx_word' id='word_1_42' title='bbox 208 990 359 1072; x_wconf 75' lang='lat' dir='ltr'>superior</span> <span class='ocrx_word' id='word_1_43' title='bbox 382 990 502 1066; x_wconf 83' lang='lat' dir='ltr'>iactus,</span> <span class='ocrx_word' id='word_1_44' title='bbox 531 989 640 1050; x_wconf 88' lang='lat' dir='ltr'>statim</span> <span class='ocrx_word' id='word_1_45' title='bbox 671 991 771 1052; x_wconf 89' lang='lat' dir='ltr'>duces</span> <span class='ocrx_word' id='word_1_46' title='bbox 798 991 1004 1058; x_wconf 75' lang='lat' dir='ltr'>adversariae</span> <span class='ocrx_word' id='word_1_47' title='bbox 1038 1001 1205 1082; x_wconf 80' lang='lat' dir='ltr'>factionis,</span> 
     </span>
     <span class='ocr_line' id='line_1_8' title="bbox 213 1093 1205 1178; baseline 0.017 -19"><span class='ocrx_word' id='word_1_48' title='bbox 213 1095 332 1178; x_wconf 86' lang='lat' dir='ltr'>capitis</span> <span class='ocrx_word' id='word_1_49' title='bbox 352 1096 533 1168; x_wconf 83' lang='lat' dir='ltr'>damnatos,</span> <span class='ocrx_word' id='word_1_50' title='bbox 558 1093 660 1176; x_wconf 83' lang='lat' dir='ltr'>patria</span> <span class='ocrx_word' id='word_1_51' title='bbox 682 1095 831 1176; x_wconf 75' lang='lat' dir='ltr'>pepulit3</span> <span class='ocrx_word' id='word_1_52' title='bbox 852 1095 891 1158; x_wconf 89' lang='lat' dir='ltr'>in</span> <span class='ocrx_word' id='word_1_53' title='bbox 914 1098 974 1162; x_wconf 91' lang='lat' dir='ltr'>his</span> <span class='ocrx_word' id='word_1_54' title='bbox 992 1104 1205 1174; x_wconf 85' lang='lat' dir='ltr'>Phocionem</span> 
     </span>
     <span class='ocr_line' id='line_1_9' title="bbox 210 1197 1206 1296; baseline 0.013 -32"><span class='ocrx_word' id='word_1_55' title='bbox 210 1215 246 1264; x_wconf 89' lang='lat' dir='ltr'>et</span> <span class='ocrx_word' id='word_1_56' title='bbox 264 1199 479 1262; x_wconf 81' lang='lat' dir='ltr'>Demetrium</span> <span class='ocrx_word' id='word_1_57' title='bbox 499 1197 721 1289; x_wconf 79' lang='lat' dir='ltr'>Phalereumr</span> <span class='ocrx_word' id='word_1_58' title='bbox 754 1199 863 1279; x_wconf 86' lang='lat' dir='ltr'>deque</span> <span class='ocrx_word' id='word_1_59' title='bbox 888 1221 928 1264; x_wconf 85' lang='lat' dir='ltr'>ea</span> <span class='ocrx_word' id='word_1_60' title='bbox 956 1227 996 1270; x_wconf 91' lang='lat' dir='ltr'>re</span> <span class='ocrx_word' id='word_1_61' title='bbox 1019 1211 1154 1296; x_wconf 72' lang='lat' dir='ltr'>legatos</span> <span class='ocrx_word' id='word_1_62' title='bbox 1172 1217 1206 1277; x_wconf 78' lang='lat' dir='ltr'>sd</span> 
     </span>
     <span class='ocr_line' id='line_1_10' title="bbox 212 1301 1206 1393; baseline 0.018 -28"><span class='ocrx_word' id='word_1_63' title='bbox 212 1301 530 1386; x_wconf 86' lang='lat' dir='ltr'>Polysperchontem</span> <span class='ocrx_word' id='word_1_64' title='bbox 550 1303 658 1378; x_wconf 83' lang='lat' dir='ltr'>misit,</span> <span class='ocrx_word' id='word_1_65' title='bbox 679 1303 741 1383; x_wconf 92' lang='lat' dir='ltr'>qui</span> <span class='ocrx_word' id='word_1_66' title='bbox 760 1306 800 1364; x_wconf 88' lang='lat' dir='ltr'>ab</span> <span class='ocrx_word' id='word_1_67' title='bbox 822 1324 861 1366; x_wconf 89' lang='lat' dir='ltr'>eo</span> <span class='ocrx_word' id='word_1_68' title='bbox 886 1323 1074 1393; x_wconf 85' lang='lat' dir='ltr'>peterent,</span> <span class='ocrx_word' id='word_1_69' title='bbox 1097 1336 1138 1383; x_wconf 93' lang='lat' dir='ltr'>ut</span> <span class='ocrx_word' id='word_1_70' title='bbox 1156 1341 1206 1382; x_wconf 81' lang='lat' dir='ltr'>sus</span> 
     </span>
    </p>

    <p class='ocr_par' dir='ltr' id='par_1_4' title="bbox 153 1406 1209 1819">
     <span class='ocr_line' id='line_1_11' title="bbox 153 1406 1206 1493; baseline 0.012 -23"><span class='ocrx_word' id='word_1_71' title='bbox 153 1410 186 1475; x_wconf 79' lang='lat'>3.</span> <span class='ocrx_word' id='word_1_72' title='bbox 213 1411 341 1471; x_wconf 86' lang='lat' dir='ltr'>decreta</span> <span class='ocrx_word' id='word_1_73' title='bbox 363 1406 582 1468; x_wconf 85' lang='lat' dir='ltr'>confirmaret.</span> <span class='ocrx_word' id='word_1_74' title='bbox 621 1406 704 1470; x_wconf 90' lang='lat' dir='ltr'>Huc</span> <span class='ocrx_word' id='word_1_75' title='bbox 723 1409 840 1471; x_wconf 89' lang='lat' dir='ltr'>eodem</span> <span class='ocrx_word' id='word_1_76' title='bbox 861 1414 1041 1492; x_wconf 86' lang='lat' dir='ltr'>profectus</span> <span class='ocrx_word' id='word_1_77' title='bbox 1060 1440 1114 1493; x_wconf 69' lang='lat' dir='ltr'>ese</span> <span class='ocrx_word' id='word_1_78' title='bbox 1130 1425 1206 1487; x_wconf 70' lang='lat' dir='ltr'>Phe</span> 
     </span>
     <span class='ocr_line' id='line_1_12' title="bbox 214 1510 1207 1608; baseline 0.019 -34"><span class='ocrx_word' id='word_1_79' title='bbox 214 1511 303 1575; x_wconf 89' lang='lat' dir='ltr'>cion.</span> <span class='ocrx_word' id='word_1_80' title='bbox 345 1510 425 1597; x_wconf 79' lang='lat' dir='ltr'>Quo</span> <span class='ocrx_word' id='word_1_81' title='bbox 447 1525 486 1572; x_wconf 93' lang='lat' dir='ltr'>ut</span> <span class='ocrx_word' id='word_1_82' title='bbox 503 1512 618 1587; x_wconf 73' lang='lat' dir='ltr'>venit,</span> <span class='ocrx_word' id='word_1_83' title='bbox 646 1532 791 1575; x_wconf 82' lang='lat' dir='ltr'>caussam</span> <span class='ocrx_word' id='word_1_84' title='bbox 812 1517 902 1596; x_wconf 81' lang='lat' dir='ltr'>apud</span> <span class='ocrx_word' id='word_1_85' title='bbox 923 1518 1144 1608; x_wconf 83' lang='lat' dir='ltr'>Philippum</span> <span class='ocrx_word' id='word_1_86' title='bbox 1170 1551 1207 1591; x_wconf 81' lang='lat' dir='ltr'>re</span> 
     </span>
     <span class='ocr_line' id='line_1_13' title="bbox 214 1615 1206 1709; baseline 0.014 -34"><span class='ocrx_word' id='word_1_87' title='bbox 214 1636 290 1699; x_wconf 79' lang='lat' dir='ltr'>gem</span> <span class='ocrx_word' id='word_1_88' title='bbox 311 1618 430 1687; x_wconf 84' lang='lat' dir='ltr'>verbo,</span> <span class='ocrx_word' id='word_1_89' title='bbox 450 1633 485 1675; x_wconf 90' lang='lat' dir='ltr'>re</span> <span class='ocrx_word' id='word_1_90' title='bbox 507 1615 578 1696; x_wconf 81' lang='lat' dir='ltr'>ipsa</span> <span class='ocrx_word' id='word_1_91' title='bbox 598 1616 738 1696; x_wconf 89' lang='lat' dir='ltr'>quidem</span> <span class='ocrx_word' id='word_1_92' title='bbox 761 1620 850 1701; x_wconf 88' lang='lat' dir='ltr'>apud</span> <span class='ocrx_word' id='word_1_93' title='bbox 872 1621 1206 1709; x_wconf 74' lang='lat' dir='ltr'>Polysperchontem</span> 
     </span>
     <span class='ocr_line' id='line_1_14' title="bbox 211 1717 1209 1819; baseline 0.02 -38"><span class='ocrx_word' id='word_1_94' title='bbox 211 1720 321 1804; x_wconf 84' lang='lat' dir='ltr'>jussus</span> <span class='ocrx_word' id='word_1_95' title='bbox 341 1732 390 1780; x_wconf 89' lang='lat' dir='ltr'>est</span> <span class='ocrx_word' id='word_1_96' title='bbox 410 1717 529 1781; x_wconf 89' lang='lat' dir='ltr'>dicere.</span> <span class='ocrx_word' id='word_1_97' title='bbox 575 1720 733 1801; x_wconf 83' lang='lat' dir='ltr'>Namque</span> <span class='ocrx_word' id='word_1_98' title='bbox 753 1723 780 1784; x_wconf 89' lang='lat' dir='ltr'>is</span> <span class='ocrx_word' id='word_1_99' title='bbox 802 1739 873 1787; x_wconf 92' lang='lat' dir='ltr'>tum</span> <span class='ocrx_word' id='word_1_100' title='bbox 897 1730 986 1812; x_wconf 83' lang='lat' dir='ltr'>regis</span> <span class='ocrx_word' id='word_1_101' title='bbox 1007 1736 1108 1797; x_wconf 85' lang='lat' dir='ltr'>rebus</span> <span class='ocrx_word' id='word_1_102' title='bbox 1133 1759 1209 1819; x_wconf 72' lang='lat' dir='ltr'>pree</span> 
     </span>
    </p>

    <p class='ocr_par' dir='ltr' id='par_1_5' title="bbox 154 1821 1210 2222">
     <span class='ocr_line' id='line_1_15' title="bbox 154 1821 1209 1914; baseline 0.019 -28"><span class='ocrx_word' id='word_1_103' title='bbox 154 1844 185 1908; x_wconf 81' lang='lat'>4.</span> <span class='ocrx_word' id='word_1_104' title='bbox 217 1840 293 1888; x_wconf 87' lang='lat' dir='ltr'>erat.</span> <span class='ocrx_word' id='word_1_105' title='bbox 340 1821 411 1885; x_wconf 86' lang='lat' dir='ltr'>Hic</span> <span class='ocrx_word' id='word_1_106' title='bbox 437 1826 477 1884; x_wconf 94' lang='lat' dir='ltr'>ab</span> <span class='ocrx_word' id='word_1_107' title='bbox 500 1824 685 1907; x_wconf 81' lang='lat' dir='ltr'>Agnonide</span> <span class='ocrx_word' id='word_1_108' title='bbox 714 1844 898 1905; x_wconf 84' lang='lat' dir='ltr'>accusatus,</span> <span class='ocrx_word' id='word_1_109' title='bbox 931 1839 1033 1914; x_wconf 88' lang='lat' dir='ltr'>quod</span> <span class='ocrx_word' id='word_1_110' title='bbox 1059 1840 1209 1905; x_wconf 75' lang='lat' dir='ltr'>Pireum</span> 
     </span>
     <span class='ocr_line' id='line_1_16' title="bbox 214 1926 1208 2019; baseline 0.017 -26"><span class='ocrx_word' id='word_1_111' title='bbox 214 1926 378 1994; x_wconf 81' lang='lat' dir='ltr'>Nicanori</span> <span class='ocrx_word' id='word_1_112' title='bbox 404 1927 615 2010; x_wconf 80' lang='lat' dir='ltr'>prodidisset,</span> <span class='ocrx_word' id='word_1_113' title='bbox 642 1949 684 1993; x_wconf 87' lang='lat' dir='ltr'>ex</span> <span class='ocrx_word' id='word_1_114' title='bbox 714 1933 848 1995; x_wconf 88' lang='lat' dir='ltr'>consilii</span> <span class='ocrx_word' id='word_1_115' title='bbox 870 1943 1064 2019; x_wconf 86' lang='lat' dir='ltr'>sententia,</span> <span class='ocrx_word' id='word_1_116' title='bbox 1095 1946 1134 2007; x_wconf 91' lang='lat' dir='ltr'>in</span> <span class='ocrx_word' id='word_1_117' title='bbox 1156 1969 1208 2009; x_wconf 86' lang='lat' dir='ltr'>cu·</span> 
     </span>
     <span class='ocr_line' id='line_1_17' title="bbox 215 2020 1210 2121; baseline 0.02 -24"><span class='ocrx_word' id='word_1_118' title='bbox 215 2033 357 2098; x_wconf 88' lang='lat' dir='ltr'>stodiam</span> <span class='ocrx_word' id='word_1_119' title='bbox 381 2031 564 2113; x_wconf 84' lang='lat' dir='ltr'>conjectus,</span> <span class='ocrx_word' id='word_1_120' title='bbox 585 2020 739 2098; x_wconf 84' lang='lat' dir='ltr'>Athenas</span> <span class='ocrx_word' id='word_1_121' title='bbox 761 2039 922 2102; x_wconf 88' lang='lat' dir='ltr'>deductus</span> <span class='ocrx_word' id='word_1_122' title='bbox 942 2058 1007 2121; x_wconf 87' lang='lat' dir='ltr'>est,</span> <span class='ocrx_word' id='word_1_123' title='bbox 1033 2063 1075 2110; x_wconf 93' lang='lat' dir='ltr'>ut</span> <span class='ocrx_word' id='word_1_124' title='bbox 1098 2051 1210 2117; x_wconf 86' lang='lat' dir='ltr'>ibide</span> 
     </span>
     <span class='ocr_line' id='line_1_18' title="bbox 198 2137 717 2222; baseline 0.004 -20"><span class='ocrx_word' id='word_1_125' title='bbox 198 2146 257 2204; x_wconf 80' lang='lat' dir='ltr'>&#39;eo</span> <span class='ocrx_word' id='word_1_126' title='bbox 279 2138 408 2222; x_wconf 84' lang='lat' dir='ltr'>legibus</span> <span class='ocrx_word' id='word_1_127' title='bbox 429 2137 521 2201; x_wconf 84' lang='lat' dir='ltr'>fieret</span> <span class='ocrx_word' id='word_1_128' title='bbox 535 2137 717 2221; x_wconf 87' lang='lat' dir='ltr'>judicium.</span> 
     </span>
    </p>
   </div>
   <div class='ocr_carea' id='block_1_3' title="bbox 157 2364 1212 2863">
    <p class='ocr_par' dir='ltr' id='par_1_6' title="bbox 157 2364 1212 2863">
     <span class='ocr_line' id='line_1_19' title="bbox 190 2364 1209 2445; baseline 0.02 -25"><span class='ocrx_word' id='word_1_129' title='bbox 190 2368 243 2421; x_wconf 83' lang='lat' dir='ltr'>ltt.</span> <span class='ocrx_word' id='word_1_130' title='bbox 279 2385 306 2421; x_wconf 79' lang='lat' dir='ltr'>n.</span> <span class='ocrx_word' id='word_1_131' title='bbox 331 2371 436 2438; x_wconf 72' lang='lat' dir='ltr'>capitis</span> <span class='ocrx_word' id='word_1_132' title='bbox 462 2364 619 2420; x_wconf 78' lang='lat' dir='ltr'>damnatos</span> <span class='ocrx_word' id='word_1_133' title='bbox 639 2374 744 2438; x_wconf 79' lang='lat' dir='ltr'>patria</span> <span class='ocrx_word' id='word_1_134' title='bbox 765 2373 893 2445; x_wconf 77' lang='lat' dir='ltr'>pepulit]</span> <span class='ocrx_word' id='word_1_135' title='bbox 927 2377 1014 2430; x_wconf 80' lang='lat' dir='ltr'>Dicte</span> <span class='ocrx_word' id='word_1_136' title='bbox 1038 2381 1134 2437; x_wconf 84' lang='lat' dir='ltr'>Stelle</span> <span class='ocrx_word' id='word_1_137' title='bbox 1159 2385 1209 2439; x_wconf 83' lang='lat' dir='ltr'>be·</span> 
     </span>
     <span class='ocr_line' id='line_1_20' title="bbox 159 2450 1210 2532; baseline 0.013 -28"><span class='ocrx_word' id='word_1_138' title='bbox 159 2452 246 2505; x_wconf 69' lang='lat' dir='ltr'>weiit</span> <span class='ocrx_word' id='word_1_139' title='bbox 271 2470 300 2506; x_wconf 86' lang='lat' dir='ltr'>es</span> <span class='ocrx_word' id='word_1_140' title='bbox 317 2452 397 2517; x_wconf 72' lang='lat' dir='ltr'>Har,</span> <span class='ocrx_word' id='word_1_141' title='bbox 421 2450 482 2505; x_wconf 80' lang='lat' dir='ltr'>deis</span> <span class='ocrx_word' id='word_1_142' title='bbox 502 2457 608 2522; x_wconf 77' lang='lat' dir='ltr'>cepitis</span> <span class='ocrx_word' id='word_1_143' title='bbox 626 2452 768 2508; x_wconf 81' lang='lat' dir='ltr'>damnare</span> <span class='ocrx_word' id='word_1_144' title='bbox 784 2458 862 2511; x_wconf 86' lang='lat' dir='ltr'>nicht</span> <span class='ocrx_word' id='word_1_145' title='bbox 880 2464 980 2512; x_wconf 73' lang='lat' dir='ltr'>immet</span> <span class='ocrx_word' id='word_1_146' title='bbox 998 2463 1111 2532; x_wconf 72' lang='lat' dir='ltr'>inisse,</span> <span class='ocrx_word' id='word_1_147' title='bbox 1141 2491 1210 2522; x_wconf 59' lang='lat' dir='ltr'>mim</span> 
     </span>
     <span class='ocr_line' id='line_1_21' title="bbox 158 2534 1210 2608; baseline 0.02 -20"><span class='ocrx_word' id='word_1_148' title='bbox 158 2534 237 2588; x_wconf 83' lang='lat' dir='ltr'>Tods</span> <span class='ocrx_word' id='word_1_149' title='bbox 256 2536 455 2590; x_wconf 76' lang='lat' dir='ltr'>verrerilrer&#39;len.</span> <span class='ocrx_word' id='word_1_150' title='bbox 490 2536 587 2607; x_wconf 69' lang='lat' dir='ltr'>Capri</span> <span class='ocrx_word' id='word_1_151' title='bbox 606 2538 736 2594; x_wconf 78' lang='lat' dir='ltr'>bedentet</span> <span class='ocrx_word' id='word_1_152' title='bbox 755 2542 895 2594; x_wconf 75' lang='lat' dir='ltr'>uihmlich</span> <span class='ocrx_word' id='word_1_153' title='bbox 919 2544 960 2596; x_wconf 84' lang='lat' dir='ltr'>ost</span> <span class='ocrx_word' id='word_1_154' title='bbox 984 2544 1031 2597; x_wconf 86' lang='lat' dir='ltr'>die</span> <span class='ocrx_word' id='word_1_155' title='bbox 1050 2551 1210 2608; x_wconf 81' lang='lat' dir='ltr'>Vorrheile</span> 
     </span>
     <span class='ocr_line' id='line_1_22' title="bbox 158 2617 1212 2699; baseline 0.017 -28"><span class='ocrx_word' id='word_1_156' title='bbox 158 2617 217 2671; x_wconf 85' lang='lat' dir='ltr'>und</span> <span class='ocrx_word' id='word_1_157' title='bbox 236 2621 353 2688; x_wconf 84' lang='lat' dir='ltr'>Rechts,</span> <span class='ocrx_word' id='word_1_158' title='bbox 371 2620 475 2675; x_wconf 80' lang='lat' dir='ltr'>welche</span> <span class='ocrx_word' id='word_1_159' title='bbox 493 2626 538 2674; x_wconf 90' lang='lat' dir='ltr'>ein</span> <span class='ocrx_word' id='word_1_160' title='bbox 555 2620 648 2693; x_wconf 74' lang='lat' dir='ltr'>freyen</span> <span class='ocrx_word' id='word_1_161' title='bbox 662 2624 783 2699; x_wconf 65' lang='lat' dir='ltr'>Burgus,</span> <span class='ocrx_word' id='word_1_162' title='bbox 800 2624 841 2677; x_wconf 87' lang='lat' dir='ltr'>sls</span> <span class='ocrx_word' id='word_1_163' title='bbox 859 2625 984 2691; x_wconf 63' lang='lat' dir='ltr'>soleba,</span> <span class='ocrx_word' id='word_1_164' title='bbox 1003 2629 1062 2682; x_wconf 85' lang='lat' dir='ltr'>hst.</span> <span class='ocrx_word' id='word_1_165' title='bbox 1101 2635 1212 2692; x_wconf 82' lang='lat' dir='ltr'>Deher</span> 
     </span>
     <span class='ocr_line' id='line_1_23' title="bbox 158 2705 1211 2776; baseline 0.01 -21"><span class='ocrx_word' id='word_1_166' title='bbox 158 2710 264 2776; x_wconf 80' lang='lat' dir='ltr'>capitis</span> <span class='ocrx_word' id='word_1_167' title='bbox 289 2705 447 2759; x_wconf 84' lang='lat' dir='ltr'>damnare:</span> <span class='ocrx_word' id='word_1_168' title='bbox 476 2710 559 2758; x_wconf 85' lang='lat' dir='ltr'>einen</span> <span class='ocrx_word' id='word_1_169' title='bbox 579 2726 646 2760; x_wconf 80' lang='lat' dir='ltr'>snm</span> <span class='ocrx_word' id='word_1_170' title='bbox 667 2707 781 2767; x_wconf 78' lang='lat' dir='ltr'>Verlus&#39;i</span> <span class='ocrx_word' id='word_1_171' title='bbox 796 2706 897 2761; x_wconf 77' lang='lat' dir='ltr'>&#39;dieser</span> <span class='ocrx_word' id='word_1_172' title='bbox 914 2711 1069 2768; x_wconf 76' lang='lat' dir='ltr'>Vorilreile</span> <span class='ocrx_word' id='word_1_173' title='bbox 1089 2735 1211 2776; x_wconf 71' lang='lat' dir='ltr'>vetur.</span> 
     </span>
     <span class='ocr_line' id='line_1_24' title="bbox 157 2788 760 2863; baseline 0.01 -21"><span class='ocrx_word' id='word_1_174' title='bbox 157 2788 273 2847; x_wconf 75' lang='lat' dir='ltr'>tireilen.</span> <span class='ocrx_word' id='word_1_175' title='bbox 309 2793 373 2863; x_wconf 81' lang='lat' dir='ltr'>vgt.</span> <span class='ocrx_word' id='word_1_176' title='bbox 392 2790 504 2846; x_wconf 81' lang='lat' dir='ltr'>Ernesti</span> <span class='ocrx_word' id='word_1_177' title='bbox 522 2791 616 2847; x_wconf 84' lang='lat' dir='ltr'>Clsvis</span> <span class='ocrx_word' id='word_1_178' title='bbox 635 2794 760 2849; x_wconf 75' lang='lat' dir='ltr'>Ciceros.</span> 
     </span>
    </p>
   </div>
   <div class='ocr_carea' id='block_1_4' title="bbox 157 2900 1209 3059">
    <p class='ocr_par' dir='ltr' id='par_1_7' title="bbox 157 2900 1209 3059">
     <span class='ocr_line' id='line_1_25' title="bbox 244 2900 1209 2990; baseline 0.007 -35"><span class='ocrx_word' id='word_1_179' title='bbox 244 2912 279 2956; x_wconf 81' lang='lat' dir='ltr'>nt</span> <span class='ocrx_word' id='word_1_180' title='bbox 302 2921 359 2955; x_wconf 81' lang='lat' dir='ltr'>sua</span> <span class='ocrx_word' id='word_1_181' title='bbox 381 2901 500 2955; x_wconf 71' lang='lat' dir='ltr'>decreta</span> <span class='ocrx_word' id='word_1_182' title='bbox 518 2900 724 2976; x_wconf 78' lang='lat' dir='ltr'>confirmaret]</span> <span class='ocrx_word' id='word_1_183' title='bbox 757 2903 814 2960; x_wconf 70' lang='lat' dir='ltr'>sis</span> <span class='ocrx_word' id='word_1_184' title='bbox 828 2908 873 2959; x_wconf 80' lang='lat' dir='ltr'>sc.</span> <span class='ocrx_word' id='word_1_185' title='bbox 889 2904 1004 2978; x_wconf 81' lang='lat' dir='ltr'>populi,</span> <span class='ocrx_word' id='word_1_186' title='bbox 1027 2926 1090 2963; x_wconf 87' lang='lat' dir='ltr'>nou</span> <span class='ocrx_word' id='word_1_187' title='bbox 1109 2914 1209 2990; x_wconf 77' lang='lat' dir='ltr'>Poly.</span> 
     </span>
     <span class='ocr_line' id='line_1_26' title="bbox 157 2989 344 3059; baseline 0.016 -19"><span class='ocrx_word' id='word_1_188' title='bbox 157 2989 344 3059; x_wconf 86' lang='lat' dir='ltr'>sperohoutis.</span> 
     </span>
    </p>
   </div>
   <div class='ocr_carea' id='block_1_5' title="bbox 190 3102 1235 3203">
    <p class='ocr_par' dir='ltr' id='par_1_8' title="bbox 190 3102 1235 3203">
     <span class='ocr_line' id='line_1_27' title="bbox 190 3102 1235 3203; baseline 0.017 -25"><span class='ocrx_word' id='word_1_189' title='bbox 190 3135 218 3191; x_wconf 75' lang='lat'>5.</span> <span class='ocrx_word' id='word_1_190' title='bbox 241 3129 347 3196; x_wconf 82' lang='lat' dir='ltr'>verbo,</span> <span class='ocrx_word' id='word_1_191' title='bbox 363 3159 398 3174; x_wconf 90' lang='lat'>-</span> <span class='ocrx_word' id='word_1_192' title='bbox 416 3148 446 3182; x_wconf 83' lang='lat' dir='ltr'>re</span> <span class='ocrx_word' id='word_1_193' title='bbox 464 3128 545 3203; x_wconf 81' lang='lat' dir='ltr'>ipsa]</span> <span class='ocrx_word' id='word_1_194' title='bbox 580 3131 632 3187; x_wconf 81' lang='lat' dir='ltr'>Oit</span> <span class='ocrx_word' id='word_1_195' title='bbox 655 3102 768 3187; x_wconf 76' lang='lat' dir='ltr'>werden</span> <span class='ocrx_word' id='word_1_196' title='bbox 790 3131 866 3188; x_wconf 83' lang='lat' dir='ltr'>disse</span> <span class='ocrx_word' id='word_1_197' title='bbox 881 3130 987 3188; x_wconf 88' lang='lat' dir='ltr'>Worte</span> <span class='ocrx_word' id='word_1_198' title='bbox 1010 3138 1049 3188; x_wconf 90' lang='lat' dir='ltr'>im</span> <span class='ocrx_word' id='word_1_199' title='bbox 1069 3137 1235 3197; x_wconf 52' lang='lat' dir='ltr'>[nteiuist</span> 
     </span>
    </p>
   </div>
   <div class='ocr_carea' id='block_1_6' title="bbox 156 3221 1203 3559">
    <p class='ocr_par' dir='ltr' id='par_1_9' title="bbox 156 3221 1203 3559">
     <span class='ocr_line' id='line_1_28' title="bbox 157 3221 1203 3309; baseline 0.011 -25"><span class='ocrx_word' id='word_1_200' title='bbox 157 3229 243 3284; x_wconf 82' lang='lat' dir='ltr'>tehen</span> <span class='ocrx_word' id='word_1_201' title='bbox 261 3229 320 3285; x_wconf 84' lang='lat' dir='ltr'>und</span> <span class='ocrx_word' id='word_1_202' title='bbox 342 3236 380 3284; x_wconf 88' lang='lat' dir='ltr'>im</span> <span class='ocrx_word' id='word_1_203' title='bbox 401 3229 603 3284; x_wconf 82' lang='lat' dir='ltr'>Griechischeu</span> <span class='ocrx_word' id='word_1_204' title='bbox 624 3223 709 3304; x_wconf 64' lang='grc' dir='ltr'>λόγῳ</span> <span class='ocrx_word' id='word_1_205' title='bbox 728 3225 795 3294; x_wconf 73' lang='grc' dir='ltr'>μέν,</span> <span class='ocrx_word' id='word_1_206' title='bbox 818 3222 893 3309; x_wconf 59' lang='grc' dir='ltr'>ἔργῳ</span> <span class='ocrx_word' id='word_1_207' title='bbox 915 3221 950 3289; x_wconf 71' lang='grc' dir='ltr'>δέ</span> <span class='ocrx_word' id='word_1_208' title='bbox 974 3236 1112 3292; x_wconf 81' lang='lat' dir='ltr'>einander·</span> <span class='ocrx_word' id='word_1_209' title='bbox 1137 3260 1203 3296; x_wconf 87' lang='lat' dir='ltr'>eut-</span> 
     </span>
     <span class='ocr_line' id='line_1_29' title="bbox 157 3315 1203 3388; baseline 0.001 -18"><span class='ocrx_word' id='word_1_210' title='bbox 157 3328 244 3387; x_wconf 70' lang='lat' dir='ltr'>gegeu</span> <span class='ocrx_word' id='word_1_211' title='bbox 266 3331 384 3388; x_wconf 75' lang='lat' dir='ltr'>gereret,</span> <span class='ocrx_word' id='word_1_212' title='bbox 402 3334 483 3368; x_wconf 84' lang='lat' dir='ltr'>weun</span> <span class='ocrx_word' id='word_1_213' title='bbox 498 3316 551 3368; x_wconf 86' lang='lat' dir='ltr'>sus</span> <span class='ocrx_word' id='word_1_214' title='bbox 566 3315 615 3369; x_wconf 87' lang='lat' dir='ltr'>der</span> <span class='ocrx_word' id='word_1_215' title='bbox 635 3322 716 3368; x_wconf 76' lang='lat' dir='ltr'>sinen</span> <span class='ocrx_word' id='word_1_216' title='bbox 727 3317 800 3370; x_wconf 84' lang='lat' dir='ltr'>Seite</span> <span class='ocrx_word' id='word_1_217' title='bbox 818 3334 873 3369; x_wconf 81' lang='lat' dir='ltr'>von</span> <span class='ocrx_word' id='word_1_218' title='bbox 890 3318 1006 3387; x_wconf 69' lang='lat' dir='ltr'>Scirem,</span> <span class='ocrx_word' id='word_1_219' title='bbox 1023 3324 1077 3377; x_wconf 79' lang='lat' dir='ltr'>sus</span> <span class='ocrx_word' id='word_1_220' title='bbox 1085 3325 1138 3379; x_wconf 66' lang='lat' dir='ltr'>der</span> <span class='ocrx_word' id='word_1_221' title='bbox 1149 3347 1203 3381; x_wconf 57' lang='grc' dir='ltr'>«ῃ.</span> 
     </span>
     <span class='ocr_line' id='line_1_30' title="bbox 156 3400 1201 3477; baseline 0.009 -22"><span class='ocrx_word' id='word_1_222' title='bbox 156 3401 225 3456; x_wconf 84' lang='lat' dir='ltr'>dero</span> <span class='ocrx_word' id='word_1_223' title='bbox 252 3422 306 3456; x_wconf 85' lang='lat' dir='ltr'>von</span> <span class='ocrx_word' id='word_1_224' title='bbox 326 3403 377 3455; x_wconf 88' lang='lat' dir='ltr'>der</span> <span class='ocrx_word' id='word_1_225' title='bbox 395 3402 603 3457; x_wconf 69' lang='lat' dir='ltr'>li&#39;rrrttcitert</span> <span class='ocrx_word' id='word_1_226' title='bbox 624 3400 670 3469; x_wconf 80' lang='lat' dir='ltr'>die</span> <span class='ocrx_word' id='word_1_227' title='bbox 688 3401 760 3456; x_wconf 84' lang='lat' dir='ltr'>Reds</span> <span class='ocrx_word' id='word_1_228' title='bbox 782 3406 829 3460; x_wconf 84' lang='lat' dir='ltr'>ist.</span> <span class='ocrx_word' id='word_1_229' title='bbox 862 3403 929 3477; x_wconf 71' lang='lat' dir='ltr'>vgt.</span> <span class='ocrx_word' id='word_1_230' title='bbox 951 3407 1064 3462; x_wconf 82' lang='lat' dir='ltr'>Person</span> <span class='ocrx_word' id='word_1_231' title='bbox 1083 3429 1120 3464; x_wconf 82' lang='lat' dir='ltr'>zu</span> <span class='ocrx_word' id='word_1_232' title='bbox 1140 3413 1201 3467; x_wconf 79' lang='lat' dir='ltr'>Eu·</span> 
     </span>
     <span class='ocr_line' id='line_1_31' title="bbox 158 3489 531 3559; baseline -0.003 -17"><span class='ocrx_word' id='word_1_233' title='bbox 158 3489 243 3559; x_wconf 83' lang='lat' dir='ltr'>ripid.</span> <span class='ocrx_word' id='word_1_234' title='bbox 260 3490 403 3543; x_wconf 74' lang='lat' dir='ltr'>Phoeniss.</span> <span class='ocrx_word' id='word_1_235' title='bbox 423 3504 449 3542; x_wconf 85' lang='lat' dir='ltr'>v.</span> <span class='ocrx_word' id='word_1_236' title='bbox 469 3497 531 3552; x_wconf 84' lang='lat'><strong>5¹¹·</strong></span> 
     </span>
    </p>
   </div>
   <div class='ocr_carea' id='block_1_7' title="bbox 74 3627 1200 4120">
    <p class='ocr_par' dir='ltr' id='par_1_10' title="bbox 74 3627 1197 3705">
     <span class='ocr_line' id='line_1_32' title="bbox 74 3627 1197 3705; baseline 0.01 -26"><span class='ocrx_word' id='word_1_237' title='bbox 74 3632 77 3636; x_wconf 86' lang='lat'>&#39;</span> <span class='ocrx_word' id='word_1_238' title='bbox 190 3637 217 3695; x_wconf 68' lang='lat'>4.</span> <span class='ocrx_word' id='word_1_239' title='bbox 242 3647 278 3681; x_wconf 72' lang='lat' dir='ltr'>se</span> <span class='ocrx_word' id='word_1_240' title='bbox 297 3628 411 3681; x_wconf 80' lang='lat' dir='ltr'>consilii</span> <span class='ocrx_word' id='word_1_241' title='bbox 428 3627 592 3699; x_wconf 80' lang='lat' dir='ltr'>sententia]</span> <span class='ocrx_word' id='word_1_242' title='bbox 626 3629 711 3683; x_wconf 85' lang='lat' dir='ltr'>Diese</span> <span class='ocrx_word' id='word_1_243' title='bbox 729 3631 827 3683; x_wconf 85' lang='lat' dir='ltr'>Lessrt</span> <span class='ocrx_word' id='word_1_244' title='bbox 840 3630 878 3682; x_wconf 82' lang='lat' dir='ltr'>is&#39;t</span> <span class='ocrx_word' id='word_1_245' title='bbox 895 3628 940 3683; x_wconf 86' lang='lat' dir='ltr'>die</span> <span class='ocrx_word' id='word_1_246' title='bbox 957 3636 1051 3702; x_wconf 79' lang='lat' dir='ltr'>einrig</span> <span class='ocrx_word' id='word_1_247' title='bbox 1070 3636 1197 3705; x_wconf 72' lang='lat' dir='ltr'>richtige.</span> 
     </span>
    </p>

    <p class='ocr_par' dir='ltr' id='par_1_11' title="bbox 155 3711 1200 3784">
     <span class='ocr_line' id='line_1_33' title="bbox 155 3711 1200 3784; baseline 0.011 -19"><span class='ocrx_word' id='word_1_248' title='bbox 155 3712 313 3766; x_wconf 77' lang='lat' dir='ltr'>Consilium</span> <span class='ocrx_word' id='word_1_249' title='bbox 330 3717 367 3766; x_wconf 86' lang='lat' dir='ltr'>ist</span> <span class='ocrx_word' id='word_1_250' title='bbox 383 3711 428 3765; x_wconf 89' lang='lat' dir='ltr'>die</span> <span class='ocrx_word' id='word_1_251' title='bbox 454 3713 693 3784; x_wconf 71' lang='lat' dir='ltr'>Vemmmhmg,</span> <span class='ocrx_word' id='word_1_252' title='bbox 717 3732 770 3766; x_wconf 85' lang='lat' dir='ltr'>vor</span> <span class='ocrx_word' id='word_1_253' title='bbox 786 3715 907 3769; x_wconf 76' lang='lat' dir='ltr'>welches</span> <span class='ocrx_word' id='word_1_254' title='bbox 927 3717 997 3769; x_wconf 84' lang='lat' dir='ltr'>r&#39;rber</span> <span class='ocrx_word' id='word_1_255' title='bbox 1017 3718 1095 3773; x_wconf 79' lang='lat' dir='ltr'>diere</span> <span class='ocrx_word' id='word_1_256' title='bbox 1111 3723 1200 3776; x_wconf 80' lang='lat' dir='ltr'>Ssehs</span> 
     </span>
    </p>

    <p class='ocr_par' dir='ltr' id='par_1_12' title="bbox 152 3796 1197 3869">
     <span class='ocr_line' id='line_1_34' title="bbox 152 3796 1197 3869; baseline 0.007 -18"><span class='ocrx_word' id='word_1_257' title='bbox 152 3799 305 3867; x_wconf 68' lang='lat' dir='ltr'>genrtheilt</span> <span class='ocrx_word' id='word_1_258' title='bbox 322 3796 427 3851; x_wconf 82' lang='lat' dir='ltr'>wurde.</span> <span class='ocrx_word' id='word_1_259' title='bbox 464 3798 501 3851; x_wconf 83' lang='lat' dir='ltr'>So</span> <span class='ocrx_word' id='word_1_260' title='bbox 525 3798 599 3850; x_wconf 86' lang='lat' dir='ltr'>steht</span> <span class='ocrx_word' id='word_1_261' title='bbox 622 3814 650 3851; x_wconf 86' lang='lat' dir='ltr'>es</span> <span class='ocrx_word' id='word_1_262' title='bbox 676 3797 786 3868; x_wconf 60' lang='lat' dir='ltr'>usurp,</span> <span class='ocrx_word' id='word_1_263' title='bbox 811 3820 836 3856; x_wconf 88' lang='lat' dir='ltr'>s.</span> <span class='ocrx_word' id='word_1_264' title='bbox 859 3803 891 3855; x_wconf 85' lang='lat' dir='ltr'>B.</span> <span class='ocrx_word' id='word_1_265' title='bbox 917 3803 1058 3856; x_wconf 81' lang='lat' dir='ltr'>Eumenes</span> <span class='ocrx_word' id='word_1_266' title='bbox 1080 3808 1153 3869; x_wconf 78' lang='lat' dir='ltr'><strong>XII,</strong></span> <span class='ocrx_word' id='word_1_267' title='bbox 1171 3825 1197 3859; x_wconf 82' lang='lat' dir='ltr'>s.</span> 
     </span>
    </p>

    <p class='ocr_par' dir='ltr' id='par_1_13' title="bbox 158 3883 1195 3959">
     <span class='ocr_line' id='line_1_35' title="bbox 158 3883 1195 3959; baseline 0.006 -25"><span class='ocrx_word' id='word_1_268' title='bbox 158 3883 284 3947; x_wconf 74' lang='lat' dir='ltr'>Cognita</span> <span class='ocrx_word' id='word_1_269' title='bbox 303 3883 417 3936; x_wconf 78' lang='lat' dir='ltr'>coruiiii</span> <span class='ocrx_word' id='word_1_270' title='bbox 435 3884 602 3936; x_wconf 77' lang='lat' dir='ltr'>voluntate.</span> <span class='ocrx_word' id='word_1_271' title='bbox 637 3883 707 3936; x_wconf 76' lang='lat' dir='ltr'>Men</span> <span class='ocrx_word' id='word_1_272' title='bbox 725 3886 790 3939; x_wconf 80' lang='lat' dir='ltr'>sshe</span> <span class='ocrx_word' id='word_1_273' title='bbox 804 3887 850 3940; x_wconf 88' lang='lat' dir='ltr'>die</span> <span class='ocrx_word' id='word_1_274' title='bbox 864 3889 1051 3959; x_wconf 80' lang='lat' dir='ltr'>Aumerkuug</span> <span class='ocrx_word' id='word_1_275' title='bbox 1070 3910 1103 3943; x_wconf 85' lang='lat' dir='ltr'>su</span> <span class='ocrx_word' id='word_1_276' title='bbox 1118 3891 1195 3955; x_wconf 75' lang='lat' dir='ltr'>Epa-</span> 
     </span>
    </p>

    <p class='ocr_par' dir='ltr' id='par_1_14' title="bbox 155 3965 1194 4120">
     <span class='ocr_line' id='line_1_36' title="bbox 156 3965 1194 4045; baseline 0.009 -30"><span class='ocrx_word' id='word_1_277' title='bbox 156 3967 309 4019; x_wconf 82' lang='lat' dir='ltr'>minondas</span> <span class='ocrx_word' id='word_1_278' title='bbox 324 3971 382 4034; x_wconf 82' lang='lat'>111,</span> <span class='ocrx_word' id='word_1_279' title='bbox 399 3979 426 4032; x_wconf 82' lang='lat'>5.</span> <span class='ocrx_word' id='word_1_280' title='bbox 450 3967 602 4022; x_wconf 75' lang='lat' dir='ltr'>Consimili</span> <span class='ocrx_word' id='word_1_281' title='bbox 614 3965 693 4033; x_wconf 80' lang='lat' dir='ltr'>slso,</span> <span class='ocrx_word' id='word_1_282' title='bbox 706 3969 826 4024; x_wconf 77' lang='lat' dir='ltr'>welches</span> <span class='ocrx_word' id='word_1_283' title='bbox 838 3979 870 4026; x_wconf 86' lang='lat' dir='ltr'>in</span> <span class='ocrx_word' id='word_1_284' title='bbox 885 3978 997 4045; x_wconf 73' lang='lat' dir='ltr'>einigen</span> <span class='ocrx_word' id='word_1_285' title='bbox 1010 3973 1194 4031; x_wconf 79' lang='lat' dir='ltr'>Hsndsehrii-</span> 
     </span>
     <span class='ocr_line' id='line_1_37' title="bbox 155 4050 848 4120; baseline 0.022 -22"><span class='ocrx_word' id='word_1_286' title='bbox 155 4059 202 4100; x_wconf 87' lang='lat' dir='ltr'>reu</span> <span class='ocrx_word' id='word_1_287' title='bbox 222 4050 311 4120; x_wconf 81' lang='lat' dir='ltr'>steht,</span> <span class='ocrx_word' id='word_1_288' title='bbox 334 4058 372 4107; x_wconf 79' lang='lat' dir='ltr'>ist</span> <span class='ocrx_word' id='word_1_289' title='bbox 388 4052 482 4108; x_wconf 85' lang='lat' dir='ltr'>nichts</span> <span class='ocrx_word' id='word_1_290' title='bbox 500 4053 543 4108; x_wconf 85' lang='lat' dir='ltr'>sls</span> <span class='ocrx_word' id='word_1_291' title='bbox 561 4055 608 4104; x_wconf 84' lang='lat' dir='ltr'>ein</span> <span class='ocrx_word' id='word_1_292' title='bbox 629 4050 848 4113; x_wconf 75' lang='lat' dir='ltr'>Schneibiehler.</span> 
     </span>
    </p>
   </div>
   <div class='ocr_carea' id='block_1_8' title="bbox 0 0 1366 4838">
    <p class='ocr_par' dir='ltr' id='par_1_15' title="bbox 0 0 1366 4838">
     <span class='ocr_line' id='line_1_38' title="bbox 0 0 1366 4838; baseline 0 0"><span class='ocrx_word' id='word_1_293' title='bbox 0 0 1366 4838; x_wconf 95' lang='lat' dir='ltr'> </span> 
     </span>
    </p>
   </div>
  </div>
 </body>
</html>
