2722 4838
235 276 238 286 Ι
278 328 436 399 XXIII.
459 323 640 387 Hannibal.
683 323 760 404 cap.
779 320 876 385 XII.
1039 326 1097 402 317

12 511 38 552 :t
116 493 188 544 non
212 491 280 551 est,
312 478 398 539 illud
422 475 604 548 recusavit,
634 492 677 535 ne
699 471 734 533 id
761 494 781 535 a
800 493 834 534 ce
857 472 929 535 fieri
956 475 1099 555 portula·

16 619 38 659 ς
118 598 207 658 rent,
231 583 322 663 quod
343 581 500 641 adversus
517 579 572 660 jur
596 577 734 659 hospitii
755 592 854 649 essen
883 576 960 658 ipsi,
981 579 1010 639 ai
1028 599 1098 660 pos·

12 727 35 767 ἰ
112 703 205 762 sent,
224 684 559 766 comprehenderent,
583 683 714 754 locum,
734 682 796 743 ubi
815 695 912 756 ercet,
933 682 1030 744 facilc
1047 683 1096 745 in·

117 805 288 854 venturos.
329 788 506 850 Hannibal
534 787 627 849 enim
656 807 727 847 uno
753 787 827 847 loco
851 805 885 846 se
910 790 1040 851 tenebat
1060 787 1099 850 in

118 898 270 969 castello,
292 895 385 974 quod
403 893 434 955 ei
452 895 491 954 ab
509 911 582 974 rege
599 893 715 952 datum
734 907 802 952 erat
822 890 972 951 muneri:
996 891 1099 980 idque

118 1003 165 1083 cic
187 1000 382 1071 aedilicarat‚
411 1012 450 1059 ut
473 996 510 1058 iu
534 995 692 1057 omnibus
712 995 860 1077 partibus
881 995 1012 1056 aedificii
1033 995 1117 1058 exi(

12 1112 22 1154 ἵ
121 1121 194 1167 ιιιιιι
215 1103 280 1166 ribi
303 1102 457 1176 haberet,
483 1100 612 1180 semper
635 1120 771 1173 verens,
798 1120 841 1162 ne
864 1119 929 1161 usu
951 1100 1101 1177 veniret,

11 1252 17 1259 -
58 1231 89 1292 4.
120 1209 211 1291 quod
232 1208 361 1270 accidit,
401 1207 482 1267 Huc
501 1226 608 1285 quum
626 1205 724 1288 legati
739 1206 972 1267 Rornanorum
992 1207 1102 1268 venis·

119 1329 209 1388 sent,
234 1334 270 1375 ac
291 1311 511 1374 multitudine
533 1310 674 1371 domurn
700 1309 771 1391 ejus
789 1310 1102 1386 circumdedissent,

120 1441 203 1502 puer
226 1423 265 1481 ab
284 1419 389 1499 janua
414 1415 618 1499 prospiciens
640 1414 832 1477 Hannibali
858 1415 962 1490 dixit,
989 1417 1102 1497 plutei

121 1540 236 1606 praeter
259 1520 540 1585 consuetudinem
570 1535 710 1583 armatos
731 1541 895 1602 apparere.
945 1520 1017 1606 Qui
1043 1521 1105 1583 im·

117 1628 246 1711 peravit
263 1628 314 1700 ei,
337 1640 375 1688 ut
393 1644 511 1687 omnes
529 1624 616 1687 sores
635 1624 767 1686 aetlificii
787 1625 956 1700 circuiret,
978 1647 1015 1687 ac
1032 1646 1102 1707 pro·

124 1754 200 1814 pore
223 1732 287 1794 sibi
311 1732 537 1805 renuntiaret,
566 1751 651 1792 num
678 1730 796 1792 codem
821 1733 923 1792 morlo
947 1730 1102 1810 undique

63 1841 92 1900 5.
124 1839 339 1899 obsideretur.
379 1837 471 1897 Puer
497 1855 604 1916 quum
633 1835 800 1909 celeriter,
829 1836 913 1915 quid
936 1850 1036 1907 esset,
1057 1854 1105 1895 re·

123 1943 329 2016 nuntiasset,
360 1960 545 2019 omnesque
566 1939 677 2009 exitus
697 1954 872 2020 occupator
892 1939 1104 2014 ostendisse13

124 2043 228 2109 sensit
254 2047 289 2108 id
318 2066 389 2107 non
416 2044 555 2106 fortuito
576 2044 718 2118 factum,
746 2045 802 2106 sed
824 2062 859 2105 re
881 2043 964 2124 peti,
991 2061 1104 2123 nequo

97 2233 124 2287 5.
156 2242 192 2273 ne
210 2243 261 2274 usn
281 2224 405 2294 veniret]
439 2224 494 2278 Die
515 2224 611 2275 benten
637 2221 856 2274 Haudrcbriltcn
877 2221 968 2274 haben
995 2226 1105 2274 veniret

61 2308 142 2361 nicht
160 2316 301 2363 eveniret.
339 2310 386 2361 lch
413 2310 490 2362 balrc
515 2307 559 2361 dic
579 2308 693 2361 Pbrarir
712 2326 764 2358 usu
783 2313 893 2360 evenire
916 2302 962 2359 [ιιι
981 2307 1106 2360 unlarei-

62 2395 154 2447 nicch.
190 2396 254 2447 Hoc
273 2414 325 2446 nsn
346 2400 422 2457 venit
441 2393 511 2447 nird
531 2411 586 2445 ron
597 2392 792 2458 Thataachcn,
810 2392 932 2445 dieman
951 2390 1039 2444 relhst
1058 2411 1107 2444 cr-

56 2478 168 2550 falari,
188 2495 306 2549 generat,
326 2478 384 2531 und
403 2478 610 2531 untcrrrheidct
630 2480 688 2531 rich
708 2477 832 2530 dadurclt
853 2478 988 2531 trondem
1008 2478 1107 2548 Attge-

67 2570 193 2615 meinero
213 2572 338 2644 evenire.
376 2565 436 2618 Wo
454 2565 526 2615 noch
546 2581 598 2613 usn
617 2570 728 2616 evenire
748 2565 925 2628 vorkommt,
950 2565 1020 2617 wirtl
1039 2583 1106 2618 tuan

60 2655 91 2702 in
112 2648 166 2702 den
184 2651 281 2703 beaten
300 2649 519 2703 Handscbrlstcn
539 2667 592 2699 usn
610 2655 713 2702 venire
730 2649 838 2715 finden,
858 2669 882 2704 c.
900 2651 932 2703 B.
952 2650 1051 2704 Cleero
1070 2651 1106 2702 de

64 2737 177 2788 lavent.
197 2738 227 2802 l,
248 2754 305 2802 ro.,
329 2754 373 2788 wo
398 2737 469 2790 auch
495 2739 540 2788 clu
566 2734 721 2788 crclssichcr
740 2733 986 2788 Zflrchcr-Codex
1011 2741 1107 2788 venire

63 2821 122 2874 hat.
158 2821 235 2874 Ebou
257 2839 287 2872 so
307 2819 391 2888 c.’5.5.
427 2822 603 2874 DeSenect.
623 2831 688 2884 αὖ.
726 2820 1107 2886 Manvrrglricbellcnsin·

65 2924 118 2973 ger
136 2905 169 2956 dc
189 2904 263 2978 Off.
282 2909 340 2969 lll,
359 2916 393 2970 3,
418 2917 459 2969 ¹3·
494 2907 548 2956 Dic
572 2909 679 2971 ciuzigc
699 2907 753 2952 mir
776 2891 1034 2968 bekanntc⁰Stelle,
1062 2921 1106 2957 uo

66 2992 148 3042 keine
175 2990 423 3042 Verrchiedcnlreit
450 3005 500 3038 aur
526 2987 580 3038 den
606 2986 825 3037 Handschrilteu
847 2987 995 3053 angeliihrt
1019 2988 1109 3053 wind,

64 3081 101 3128 ist
121 3080 165 3128 Dc
179 3075 238 3146 fin.
258 3076 323 3124 bon.
342 3083 369 3122 et
389 3072 457 3122 mol.
477 3073 517 3133 V,
538 3089 562 3125 2.
605 3071 699 3121 Atletn
725 3072 768 3120 ich
796 3070 899 3122 zwcisse
922 3072 1016 3137 nicht,
1043 3073 1105 3128 das·

65 3160 109 3212 die
131 3164 225 3211 lesart
244 3159 372 3208 dennoclr
390 3155 535 3222 unrichtig
554 3170 621 3223 tey,
639 3159 692 3204 wic
711 3153 782 3205 auch
803 3153 976 3224 Oudendorp
995 3177 1029 3210 an
1044 3162 1107 3229 Ap·-

61 3247 122 3313 pnl.
144 3242 340 3311 Metamorplr.
359 3244 388 3306 l,
407 3257 434 3312 p.
453 3239 498 3307 64.
519 3239 685 3292 vermutbct.

101 3385 127 3442 4.
153 3372 240 3442 puer]
276 3374 350 3425 Puer
374 3377 410 3424 ἰιι
435 3375 480 3423 cin
506 3371 632 3435 Selom,
659 3374 711 3421 wic
734 3375 774 3423 im
798 3372 999 3427 Gricchlrchcn
1024 3379 1107 3439 παῖς,

70 3479 100 3514 cr
118 3477 181 3527 nug
202 3460 273 3510 auch
292 3457 365 3509 noch
385 3474 415 3509 ιο
435 3455 474 3508 alt
492 3473 570 3526 reyn.
597 3455 660 3522 Nur
677 3454 777 3509 drnekr
796 3475 824 3510 cr
843 3464 905 3512 eine
918 3464 1040 3530 wenlgcr
1056 3461 1109 3514 be-

66 3545 247 3599 ccbwerlicbc
264 3542 410 3613 Sclnrerey
437 3558 496 3594 aua.
533 3541 633 3608 Einlgc
659 3541 812 3596 verbindcn
830 3562 905 3613 pncr
928 3545 966 3596 ab
989 3545 1106 3615 janna,
1196 3567 1198 3573 ·

69 3634 116 3680 cin
133 3631 253 3693 Sclonc,
273 3626 324 3677 der
342 3629 412 3677 iiber
430 3624 475 3675 dle
495 3624 610 3677 Tlulrm
628 3630 747 3693 geselct'
759 3633 827 3695 nt„
840 3629 890 3683 der
906 3629 961 3685 den
977 3633 1107 3701 Eingang

66 3716 216 3767 bewaclren
243 3713 305 3765 roll.
343 3711 438 3764 Andre
464 3710 559 3762 richen
586 3710 623 3760 ab
640 3710 744 3779 janua
769 3731 804 3765 au
824 3721 1013 3785 prospiciens.
1048 3717 1107 3770 Der

70 3817 174 3851 erstere
194 3805 229 3851 ist
249 3797 293 3849 die
311 3796 471 3850 niihtnliclre
491 3797 590 3860 Form,
608 3795 712 3848 welche
730 3803 760 3849 in
778 3798 828 3851 der
845 3800 997 3854 ll'cdenrart
1011 3820 1109 3855 serrnr

70 3905 88 3936 α
107 3885 224 3955 pedibus
243 3882 299 3958 und
320 3888 348 3933 in
367 3881 516 3933 iiltulicltcn
536 3885 581 3933 itt.
624 3882 704 3934 Doch
728 3883 802 3937 fithlt
827 3902 893 3939 man
914 3888 974 3941 nich
993 3893 1109 3959 genciu-

68 3986 129 4037 ιιι,
149 3973 185 4021 nl
200 3971 301 4037 junna
320 3974 372 4020 mir
387 3971 566 4035 prospiciens
584 3983 619 4018 nu
639 3967 801 4023 verbindcn.

102 4078 129 4132 5.
158 4086 188 4118 rc
206 4064 283 4134 peti]
318 4066 388 4119 blan
407 4062 472 4117 achc
489 4059 534 4133 ᾀιο
550 4062 735 4135 Anmrrltung
753 4081 788 4117 att
804 4063 832 4122 Τ
830 4063 1008 4122 temnentes
1024 4022 1063 4142 ll,
1078 4065 1107 4124 6.
