2722 4838
149 271 210 357 846
302 269 422 336 XXV.
443 271 484 334 T.
505 268 702 351 Pomponius
720 266 863 332 Atticus.
908 268 999 353 Cap.
1021 269 1072 334 X.
1184 216 1192 259 t

572 449 677 520 Cirr.
726 449 774 520 X.

147 613 179 660 ι.
209 595 379 658 Conversa
397 593 512 657 subito
532 589 669 655 fortuna
688 607 747 654 est.
784 592 838 655 Ut
854 590 1056 655 Antonius
1071 595 1195 681 rediitir¹

208 700 361 778 Italiam,
396 720 499 762 nemo
525 718 600 760 non
625 718 749 782 magno
770 696 842 776 [in]
870 699 1043 779 periculo
1065 700 1185 762 Atticos

209 805 364 869 futurum
387 819 517 888 putarat
536 818 670 886 propter
692 803 849 866 intimam
870 803 1187 869 familiaritatemfi

147 918 182 981 ¹2.
212 911 343 974 ceronis
362 925 395 973 et
413 909 524 972 Bruti.
562 910 685 990 Itaque
701 910 742 971 ad
757 908 954 971 adventum
972 911 1189 993 imperatorur

213 1017 257 1078 de
279 1015 351 1077 foro
370 1015 565 1092 decesserat,
600 1014 723 1077 timens
745 1013 1065 1096 proscriptionem,
1095 1020 1192 1085 latebo

210 1143 280 1203 que
294 1120 382 1204 apud
393 1120 434 1181 P.
443 1119 693 1195 Volumnium,
713 1120 778 1194 cui,
799 1136 837 1180 ut
847 1121 1095 1199 ostendimus,
1109 1126 1196 1207 paulis

209 1240 289 1290 ante
316 1244 415 1306 opem
446 1227 583 1288 tulerat:
618 1229 729 1310 (tanta
755 1225 899 1287 varietas
932 1225 982 1287 iis
1013 1230 1200 1312 temporibus

208 1332 277 1396 tuit
297 1329 459 1410 fortunae,
477 1348 518 1393 ut
537 1332 641 1392 modo
665 1330 720 1405 hi,
740 1331 841 1393 modo
863 1329 922 1392 illi
950 1332 996 1393 in
1025 1353 1201 1397 summost

211 1451 286 1500 sent
305 1452 363 1498 aut
383 1435 514 1520 fastigio
536 1451 594 1498 aut
614 1435 779 1517 periculo)
800 1433 1032 1517 habebatque
1049 1460 1160 1503 secum
1174 1441 1204 1526 Q

114 1584 116 1586 v
150 1543 181 1606 3.
212 1541 365 1636 Gellium
381 1542 528 1616 Canum,
549 1543 714 1622 aequalem
728 1539 1036 1621 simillimumque
1053 1545 1121 1607 sui.
1143 1545 1203 1607 Hor

211 1665 351 1727 quoque
376 1646 420 1709 sit
440 1646 551 1709 Attici
571 1646 730 1709 bonitatis
756 1646 981 1728 exemplum,
1020 1652 1123 1731 quod
1145 1672 1204 1712 cum

210 1771 269 1826 eo,
301 1769 405 1833 quem
426 1772 572 1834 puerum
595 1751 633 1813 in
661 1751 744 1812 ludo
771 1766 1000 1834 cognoverat,
1038 1758 1130 1818 adeo
1150 1765 1205 1818 too-

209 1855 328 1940 juncte
349 1854 456 1934 vixit,
490 1873 530 1920 ut
552 1858 594 1919 ad
615 1870 799 1918 extremam
825 1869 958 1917 aetatem
990 1861 1153 1924 amicitia
1171 1882 1207 1922 eo

151 1969 183 2047 '4
216 1985 294 2027 rum
315 1963 467 2026 creverit.
519 1961 698 2025 Antonius
718 1977 830 2027 autem
858 1960 920 2022 etsi
944 1977 1050 2027 tanto
1081 1969 1161 2030 odio
1177 1966 1207 2029 ie

212 2072 347 2132 rebatur
364 2069 403 2131 in
424 2067 639 2145 Ciceronem,
661 2082 701 2130 ut
724 2088 795 2129 non
818 2067 933 2129 solum
958 2069 1011 2145 ei,
1036 2074 1104 2135 sed
1119 2074 1209 2136 omni·

210 2176 277 2237 bus
295 2175 396 2237 etiam
419 2173 493 2254 ejus
511 2173 628 2236 amicis
652 2188 735 2235 esset
756 2172 931 2247 inimicus,
955 2194 1098 2258 eosque
1121 2182 1208 2243 vellet

212 2281 431 2361 proscribere:
452 2278 571 2341 multis
590 2277 800 2340 hortantibus
821 2292 934 2338 tamen
954 2280 1075 2346 Attici
1092 2304 1211 2347 memor

212 2383 279 2444 fuit
301 2382 422 2458 officii,
458 2383 557 2459 etei,
592 2403 701 2463 quum
725 2380 914 2465 requisisset
936 2387 1091 2450 ubinam
1116 2408 1211 2465 esset,

152 2586 200 2636 eln
216 2581 317 2644 Meno,
334 2580 386 2634 der
401 2580 474 2634 nscb
496 2585 594 2634 seinen
604 2582 802 2638 Grundsiteen
819 2584 952 2654 handelt,
970 2589 1212 2660 unbekbmmert,

150 2684 209 2722 was
228 2666 331 2721 endere
348 2666 442 2722 deson
456 2665 554 2720 balten
570 2667 693 2723 werden.
729 2670 788 2722 Par
805 2679 858 2737 est,
875 2675 930 2726 wie
948 2678 985 2726 im
997 2673 1213 2731 Griechischen

151 2743 230 2806 istso's
250 2745 305 2810 ist,
324 2749 456 2805 bedentet
479 2755 634 2819 convenit,
662 2750 783 2823 dignum
812 2761 872 2813 est;
910 2771 941 2807 ee
967 2759 1006 2810 ist
1031 2756 1215 2831 scbiclrlieis,

151 2836 325 2907 enstrtndig.

187 2979 226 3035 X.
264 2999 288 3033 ι.
307 2997 416 3049 magno
434 2979 498 3054 [in]
513 2977 661 3052 periculo]
694 2979 761 3049 Vgl.
779 2980 860 3032 Dion
881 2982 1013 3050 v111‚2.

186 3136 214 3175 e.
241 3118 276 3171 de
287 3118 365 3194 foro
384 3118 565 3189 decesserat]
598 3121 639 3174 Er
656 3120 733 3175 batte
744 3120 803 3174 sich
815 3121 921 3175 zuruek
932 3138 1078 3196 geeogem
1097 3144 1130 3180 er
1141 3130 1211 3198 ging

150 3204 231 3261 nicht
248 3207 331 3260 mehr
347 3221 432 3259 unser
449 3205 495 3259 die
513 3209 609 3259 Lente.

235 3327 338 3395 paullo
356 3334 427 3377 ante
446 3342 527 3390 opem
546 3324 674 3396 tulerat]
709 3325 759 3379 leh
778 3327 928 3396 serbinde,
945 3333 1002 3382 wie
1019 3331 1139 3387 Gesner
1151 3332 1208 3387 und

150 3410 325 3480 Heusinger,
351 3411 453 3477 paullo
479 3419 549 3462 ante
572 3409 660 3464 lieber
685 3416 736 3465 mit
761 3431 842 3483 opem
867 3415 998 3481 tulerat,
1030 3417 1074 3470 sis
1102 3424 1157 3472 mit
1176 3426 1207 3470 ut

148 3495 341 3565 ostendimus,
358 3496 447 3548 demit
459 3493 509 3548 der
521 3495 645 3549 scbnelle
655 3496 882 3552 Glbckswecbsel
897 3500 1092 3571 suegedrttckt
1104 3505 1207 3561 werde.

186 3644 214 3704 4.
242 3643 329 3689 tanto
347 3634 413 3688 odio
432 3634 597 3708 serebatur
619 3644 651 3691 in
676 3637 858 3709 ciceronem]
893 3641 1063 3713 Vergleiche
1081 3663 1121 3699 zu
1141 3647 1209 3700 De·

149 3727 246 3774 tames
263 3724 319 3790 w,
337 3732 364 3788 5.

238 3863 325 3914 prtum
337 3843 519 3914 requisisset]
553 3845 706 3916 Requirere
716 3844 802 3899 heit'st
813 3845 963 3918 eigentliob
973 3847 1208 3922 nachsorschen.

149 3922 220 3977 Hier
238 3930 275 3979 ist
294 3945 322 3981 es
341 3928 387 3982 die
408 3929 493 3999 Folge
511 3947 576 3983 vom
589 3928 831 4002 Narbsorschen:
851 3939 919 3988 inne
934 3933 1077 4008 werden,
1097 3938 1206 4014 esseh-

150 4028 219 4080 ren,
237 4016 291 4067 uie
307 4019 348 4069 im
363 4014 567 4072 Griechischen
584 4001 735 4071 orobiotae.
