2722 4838
288 318 407 389 XXV.
428 321 672 406 T.Pomponiur
685 325 842 428 Atticus
860 327 1133 410 eanum
1174 331 1233 414 339
1307 380 1310 391 .

248 489 358 539 torum
389 477 568 537 consulum
597 490 844 558 praetorumque
875 480 1082 560 praefecturas
1109 483 1234 544 delatas
1345 543 1347 547 ,

244 583 293 644 sic
313 581 454 661 accepit,
478 596 517 642 ut
539 583 713 642 neminem
736 580 773 642 in
791 583 1001 669 provinciam
1022 587 1065 648 sit
1084 602 1234 664 secutus,

246 687 376 748 honore
403 685 505 748 fucrit
531 700 728 759 contentus,
764 688 812 749 rei
840 688 1014 751 familiaris
1045 693 1235 774 despexerit
1280 741 1281 744 η

242 791 410 852 fructumz
438 791 499 871 qui
517 812 560 852 ne
578 813 655 852 cum
677 792 722 879 Ω.
741 793 882 873 quidem
900 781 1062 857 Cicerone
1082 798 1231 860 voluerit

243 896 291 957 ire
312 896 349 957 in
374 896 510 970 Asiam,
538 918 646 976 quum
668 898 757 979 apud
782 917 863 959 eum
885 896 986 979 legati
1009 898 1122 961 locum
1149 902 1232 964 obti-

244 1022 324 1063 nere
337 1016 456 1083 posset.
484 1001 565 1063 Non
582 1002 674 1064 enim
689 1005 803 1065 decere
817 1022 852 1064 se
867 1003 1102 1078 arbitrabatur,
1123 1024 1232 1085 quum

164 1176 165 1179 Ἴ
243 1121 419 1187 praeturam
446 1126 555 1189 gerere
583 1108 763 1182 noluisset,
792 1108 948 1168 asseclam
978 1127 1047 1170 esse
1077 1111 1232 1189 praetoris.

182 1211 212 1272 ⁵.
245 1210 323 1297 Qua
345 1211 382 1273 in
399 1232 434 1275 re
451 1233 524 1274 non
540 1213 653 1273 solum
673 1213 831 1297 dignitati
851 1212 1033 1288 serviebat,
1056 1214 1230 1278 sedetiam

245 1317 627 1398 tranquillitatinrquum
649 1318 855 1400 suspiciones
877 1339 1015 1399 quoque
1034 1317 1155 1381 vitaret
1173 1320 1232 1381 cri·

149 1465 168 1492 .
240 1421 388 1484 minum.
430 1422 511 1509 Ωιιο
536 1423 650 1502 fiebat,
679 1440 717 1485 ut
740 1423 811 1504 ejus
836 1422 1046 1506 observantia
1070 1423 1230 1484 omnibus

240 1543 324 1589 esset
347 1527 466 1603 carior,
496 1547 604 1608 quum
630 1550 703 1591 eam
730 1528 857 1606 officio,
885 1518 957 1591 iron
984 1527 1096 1594 timori
1115 1547 1230 1611 neque

239 1633 327 1714 spei,
351 1633 453 1695 tribui
476 1633 639 1698 viderent.

576 1815 688 1884 Car.
737 1812 818 1887 VII.

179 1974 207 2017 1.
237 1954 364 2019 Incidit
394 1955 615 2018 Caesarianum
645 1956 747 2018 civile
773 1956 922 2029 bellum,
952 1973 1061 2035 quum
1087 1950 1224 2016 haberet

237 2081 344 2122 annos
362 2049 489 2123 ciiciter
505 2063 688 2144 sexaginta.
728 2059 820 2122 Usus
840 2075 889 2122 est
908 2059 1010 2121 aetatis
1029 2060 1226 2137 vacatione,

237 2188 351 2248 neque
377 2170 442 2244 [se]
469 2186 642 2247 quoquam
662 2166 773 2228 movit
796 2186 840 2228 ex
862 2168 956 2227 urbe.
997 2164 1084 2252 Quae
1104 2163 1222 2226 amicis

211 2379 239 2437 4.
263 2367 479 2440 praefecturas]
514 2367 663 2437 Wichttgc
689 2364 940 2421 Officia-stetten
967 2363 1022 2436 bey
1046 2365 1098 2418 dcr
1118 2367 1221 2419 Armes

175 2460 205 2507 in
226 2455 280 2508 den
297 2457 465 2510 Provinzcn.
501 2456 549 2507 Sic
567 2459 696 2520 accepit,
715 2461 749 2504 ut
765 2456 908 2503 neminem
924 2477 959 2494 -
974 2455 1017 2501 sit
1033 2459 1151 2503 secutus
1174 2450 1222 2504 stit·

177 2547 292 2611 accepit
310 2542 440 2610 quidem,
458 2539 511 2592 sed
527 2545 669 2592 neminem
685 2545 802 2589 secutur
820 2543 873 2590 ert.
907 2535 973 2607 vgt.
992 2537 1078 2606 xm,
1095 2536 1124 2592 6.

263 2636 401 2707 voluerit]
437 2635 700 2705 Vgt.}1anm·b.t,
720 2644 748 2699 5.

261 2729 355 2799 legati
375 2728 485 2798 lucram]
519 2727 602 2781 leder
620 2728 731 2781 Proetor
755 2727 842 2779 nahm
865 2719 1000 2779 mehrer'e'
1015 2725 1148 2793 legurm
1166 2729 1221 2778 mit

174 2815 233 2870 rtch
254 2822 284 2868 in
302 2818 348 2868 dic
364 2818 496 2869 Provinz.
532 2814 572 2867 Er
588 2814 665 2864 hatte
683 2817 853 2880 wenigstens
877 2810 966 2879 dury,
984 2809 1026 2862 ost
1045 2810 1117 2861 auch
1136 2811 1219 2861 meh-

172 2921 243 2956 rere.
280 2896 430 2956 Eniweder
450 2897 567 2951 wurden
590 2903 630 2947 sie
651 2897 710 2947 ihm
731 2895 821 2947 durch
842 2898 887 2944 cin
907 2895 1143 2946 Senatu-Decrct
1166 2910 1219 2943 au·

172 2989 312 3057 gegebcm
336 2985 406 3038 oder
429 3001 513 3034 wenu
538 2998 569 3032 er
589 2978 742 3031 besonderr
766 2978 893 3045 genchter
914 2994 990 3044 war,
1016 2992 1047 3028 so
1069 2975 1164 3029 durfrc
1186 2994 1217 3029 et·

172 3075 232 3125 sich
252 3070 394 3122 ‹itcrelben
412 3066 499 3124 scibat
516 3062 689 3117 auswi'hlen.
725 3062 772 3114 Sie
787 3079 883 3114 waren
901 3059 950 3116 dcc
962 3064 1089 3116 Proetors
1105 3061 1217 3116 oberrtc

170 3154 397 3225 Amrrgehttlfcn.

204 3297 269 3350 vll.
309 3314 333 3354 ι,
360 3294 435 3346 Usus
457 3299 500 3344 est
519 3294 620 3342 oetatis
641 3287 817 3360 vacatione]
854 3289 896 3343 Er
921 3288 1053 3343 bedisnte
1078 3287 1140 3342 sich
1164 3286 1217 3342 der

170 3384 263 3447 linire,
282 3379 392 3452 welche
407 3379 465 3431 ihm
480 3385 542 3429 scin
557 3377 643 3430 Alter
660 3374 857 3448 verschasste.
897 3378 1042 3442 Va'catirr,
1061 3391 1117 3427 von
1134 3392 1216 3446 vaco,

169 3474 207 3522 ist
224 3468 274 3522 des
292 3469 438 3538 Freyseyn
457 3482 512 3517 von
531 3461 710 3532 derglcichcn
726 3460 913 3526 Gerchstrem
931 3460 1038 3513 welche
1054 3463 1084 3511 in
1100 3458 1150 3511 der
1161 3460 1215 3510 Ju-

170 3555 242 3626 gend
262 3549 445 3606 uncrliisslich
463 3549 542 3615 sind,
560 3548 713 3602 recondet·
737 3564 802 3600 vom
819 3547 1040 3617 Kriegsdicnste.
1075 3545 1215 3600 Draken-

169 3641 257 3694 borch
275 3658 309 3692 au
324 3640 421 3693 Livius
439 3638 481 3702 V,
498 3641 530 3701 8,
551 3655 575 3691 ι.

255 3752 345 3805 neque
368 3730 429 3805 [se]
453 3748 596 3802 qraoquam
620 3710 715 3782 movii
735 3745 772 3780 ex
793 3725 879 3797 urbe]
913 3727 948 3780 ln
975 3729 1088 3796 einiger
1111 3721 1214 3777 Haud·

168 3821 304 3876 tchristcn
323 3819 395 3874 wird
412 3836 442 3870 se
459 3816 532 3871 nach
548 3833 691 3887 quoquam
709 3829 823 3885 gescrat.
858 3811 940 3866 Dicit
963 3811 1062 3865 hulten
1086 3808 1214 3863 mehrere

168 3907 307 3977 Auslcgcr
324 3906 372 3959 st‘rr
389 3908 435 3957 cin
452 3880 697 3974 unzweydeutigis
712 3899 851 3964 chcheu‚
869 3916 900 3951 se
919 3914 967 3968 sey
983 3895 1034 3953 der
1049 3894 1152 3949 Zuretc
1171 3901 1214 3948 ci·

167 4011 218 4047 nes
234 3991 443 4047 Abscbrelbers.
470 3988 537 4042 Und
549 3988 680 4043 wirkiiclr
695 3991 733 4040 ist
746 4002 775 4039 cr
792 3983 865 4038 cuch
881 3983 961 4037 nicht
976 3979 1211 4036 unwahrschein·

164 4080 233 4135 tter.
268 4080 352 4134 Dcnn
375 4094 404 4131 ct
428 4075 556 4144 werden,
580 4079 633 4127 wie
656 4071 704 4127 ich
720 4072 773 4144 bor
791 4070 937 4125 Datames
953 4070 1010 4140 w,
1025 4065 1055 4136 Β.
1071 4068 1204 4121 hemerkt
1281 4093 1285 4098 ·
