2722 4838
313 310 396 379 XX.
418 307 593 397 Timoleon,
633 309 711 393 Gap.
729 308 767 373 1.
785 305 848 375 Π.
1053 311 1112 394 273
1140 332 1145 344 ·

117 465 193 530 bue.
233 463 408 527 Nonnulli
422 462 515 527 enim
531 464 641 524 laeam
657 463 698 523 ab
712 480 753 524 eo
769 460 925 545 pietatem
938 459 1112 545 putabant,

119 587 154 634 et
172 568 304 632 invidia
325 568 461 631 laudem
488 567 622 629 virtutis
647 567 852 629 obterebant.
902 569 1012 633 Mater
1032 586 1113 632 vero

118 690 194 759 post
215 674 249 736 id
270 673 395 735 factum
418 692 530 752 neque
552 670 693 733 domum
714 669 810 731 adse
833 669 944 733 filium
965 672 1112 749 admisit,

120 800 233 861 neque
254 776 423 859 adaperit,
455 776 542 858 quin
562 795 641 839 eum
664 772 1112 860 frantcidam,impiumque

60 884 91 952 ὅ.
122 864 286 948 deteetane
313 876 548 964 compellaret,
589 878 726 967 Quibus
753 881 851 942 rebus
879 878 938 941 ille
959 881 1041 944 adeo
1063 896 1113 947 est

119 1003 323 1059 commotus,
353 1000 392 1047 ut
415 1006 680 1067 nonnumquam
704 985 782 1048 vitae
805 985 909 1047 finem
929 982 1035 1048 lacere
1055 1007 1114 1049 vo·

119 1096 245 1169 luerit,
280 1108 380 1172 atque
406 1111 450 1154 ex
482 1090 687 1174 ingratorum
715 1089 900 1154 hominum
929 1107 1111 1175 conspectu

121 1214 229 1261 morte
249 1195 418 1259 decedere.

488 1369 591 1449 Cre.
642 1372 688 1448 11.

83 1561 93 1582 .
123 1517 282 1596 Interim,
301 1514 420 1583 Dione
440 1512 605 1602 Syracusis
627 1518 816 1594 interfecto,
838 1512 1027 1604 Dionysius
1044 1536 1113 1584 rur·
1149 1595 1153 1602 ¹

122 1645 178 1686 rue
196 1625 429 1706 Syracusarum
451 1623 577 1705 potitur
598 1639 660 1686 este
692 1625 787 1708 cujus
811 1626 990 1690 adversarii
1010 1644 1111 1710 opem

121 1751 140 1791 a
156 1729 341 1792 Corinthiis
360 1728 544 1812 petierunt,
566 1729 776 1810 ducemque,
796 1752 865 1812 quo
884 1733 921 1794 in
935 1733 1027 1795 bello
1040 1746 1112 1796 ute-

121 1850 256 1911 rentur,
275 1837 496 1917 portulartmt.
535 1834 619 1897 Huc
643 1832 826 1898 Timoleon
851 1836 990 1913 mineus,
1009 1838 1115 1900 incre-¹

62 1958 93 2009 a.
124 1941 223 2003 dibili
234 1941 391 2004 felicitate
403 1940 612 2021 Dionysium
627 1953 693 2001 tota
705 1938 817 2003 Sicilia
828 1940 970 2021 depulit.
991 1941 1114 2027 Quum

123 2045 308 2106 interlicere
319 2057 443 2126 posset,
465 2018 595 2118 noluit,
619 2058 760 2125 tutoque
773 2059 812 2107 ut
826 2044 1030 2107 Corinthum
1045 2064 1116 2127 pen

121 2147 272 2224 veniret,
293 2148 420 2212 effecit:
441 2149 534 2229 quod
548 2163 769 2229 utrorumque
785 2146 1030 2230 Dionysiorum
1043 2145 1113 2230 opi·

123 2254 187 2313 bue
209 2252 377 2315 Corinthii
397 2273 480 2333 raepe
501 2251 608 2335 adjuti
633 2251 777 2317 fuerant.
831 2251 937 2335 Cujus
960 2246 1113 2336 benigni⁴

126 2357 201 2419 tatia
221 2357 418 2421 memoriam
440 2359 575 2422 volebat
597 2374 740 2432 exstare3
761 2378 905 2439 eamque
923 2359 1114 2440 praeclaram

123 2557 126 2564 *
149 2554 239 2606 neqrte
257 2536 373 2588 domum
392 2534 433 2586 ad
448 2532 595 2611 refilium
615 2533 750 2604 admisit]
792 2534 841 2589 Ich
861 2532 977 2602 glaub,
996 2533 1115 2588 domrrm

62 2616 121 2673 ttnd
146 2620 188 2671 ad
208 2641 238 2673 se
262 2622 401 2676 bedenten
426 2621 476 2675 dae
497 2623 624 2697 Gleiche.
671 2622 772 2691 Einige
796 2621 933 2690 Aueleger
958 2621 1113 2676 beuterken

62 2720 152 2772 zuar,
169 2724 252 2776 poree
271 2709 393 2779 aliquem
411 2707 526 2777 domum
552 2709 680 2771 admitti,
713 2712 783 2778 quin
806 2705 847 2757 arl
868 2724 900 2757 se
925 2705 1110 2767 admitteturt

63 2807 132 2844 men
150 2794 243 2847 idone
263 2794 374 2864 jemand
399 2801 430 2847 in
459 2801 522 2848 rein
544 2797 629 2848 Hares
647 2794 758 2857 leuen,
784 2792 857 2845 ohne
884 2788 947 2843 dale
970 2808 1038 2843 man
1060 2791 1114 2844 ihn

63 2894 120 2929 vor
136 2879 196 2930 slclr
214 2879 297 2934 laete.
334 2881 427 2935 Alleiu
450 2879 521 2932 diel'e
541 2885 577 2933 iet
600 2879 646 2931 lor
662 2895 763 2931 uneere
776 2876 862 2929 Stelle
874 2893 909 2926 aa
927 2870 1112 2944 epitrlltndig,

64 2980 145 3015 wenn
164 2981 193 3017 ee
213 2967 355 3017 echernan
374 2965 431 3016 und
457 2967 503 3016 sur
528 2968 589 3016 eloh
613 2963 692 3014 wehr
716 2966 762 3013 iet.
811 2961 868 3013 Die
889 2959 1025 3028 Murra,
1051 2955 1112 3017 will
1205 3015 1213 3033 ,

63 3047 214 3101 Corneliae
232 3066 335 3117 ergon,
352 3048 476 3101 verbotlr
494 3048 557 3099 dem
575 3047 724 3101 Timoleon
742 3043 797 3096 das
813 3046 908 3098 Hares.
944 3050 951 3061 ”
997 3054 1001 3062 ’

98 3188 138 3242 11.
177 3208 202 3240 r.
221 3180 348 3255 depulit]
382 3185 634 3240 Wahrechelnlich
651 3189 754 3238 oimmt
767 3183 914 3239 Cornelius
934 3179 988 3256 bey
1007 3182 1115 3238 dleeetn

63 3270 247 3335 Auedrnclee‚
266 3269 316 3323 der
332 3271 482 3340 eigendich
497 3268 627 3325 bedeutot
639 3290 700 3337 von
712 3276 791 3324 einer
800 3269 883 3323 Halae
893 3268 982 3320 hereb
993 3269 1117 3337 trelben,

65 3352 118 3413 aul
131 3355 176 3407 dle
195 3352 443 3430 Oberlrerreclraft
457 3354 585 3427 augleich
603 3352 776 3428 noctium,
794 3355 881 3410 deren
897 3356 1054 3426 Dionyeiue
1065 3353 1118 3408 he·

68 3440 152 3492 reubt
169 3440 274 3495 warde.

99 3577 127 3613 a.
155 3568 341 3632 utrorumque
368 3564 591 3635 Dionysiorum]
640 3565 714 3618 Dem
744 3561 932 3634 eigentlichen
959 3559 1119 3634 Sprechge*

70 3644 194 3699 breuche
210 3647 315 3716 gemise
331 3649 407 3701 hirte
420 3649 567 3703 Corneliae
580 3667 665 3720 regen
678 3649 786 3715 tollen,
807 3654 955 3718 utriusque
969 3647 1119 3719 Dionysii·

69 3730 155 3783 Denn
173 3729 224 3785 der
240 3733 362 3789 Pluralle
380 3741 494 3806 utrique
511 3735 584 3790 vend
603 3737 653 3790 der
671 3736 756 3805 Regel
773 3735 846 3788 nach
865 3751 920 3786 nur
942 3732 977 3785 da
996 3725 1119 3802 gelatae,

71 3834 115 3869 πο
134 3817 186 3869 auf
201 3818 310 3890 heyden
329 3823 423 3876 Seiten
441 3822 568 3875 melitera
587 3822 660 3877 aiud.
696 3822 796 3878 Wenn
812 3821 952 3890 hingegen
963 3816 1051 3889 beyde
1066 3834 1120 3871 att·-

68 3900 162 3970 3leloh
178 3904 250 3957 auch
264 3923 321 3958 nur
340 3924 415 3979 every
433 3907 512 3973 elnd,
532 3925 563 3962 eo
579 3909 653 3963 etelrt
669 3908 719 3962 der
730 3905 889 3976 Singularis
901 3912 1028 3975 uterque.
1065 3904 1118 3957 ln·

67 3986 128 4040 dese
149 3986 242 4043 finden
263 3991 323 4044 ticli
341 3990 413 4045 doch
433 4010 488 4046 eon
510 3993 602 4049 dieeer
616 3992 803 4064 Regeldstere
815 3989 1008 4045 Auenelrmen.
1042 3980 1119 4061 ’ΒΨ

71 4072 158 4145 epiele
175 4073 223 4135 het
243 4074 416 4150 Oudendorp
434 4096 472 4134 ee
486 4079 631 4152 Appnleje'
649 4076 849 4149 Metamorple.
868 4077 899 4148 1,
917 4085 962 4147 ¹5·
