2722 4838
254 292 259 301 Ι
339 317 435 382 VH.
456 317 648 381 Alcibiades.
689 317 765 399 Gap.
784 318 873 381 m.
1087 326 1126 405 93

143 468 297 543 debatur,
330 469 422 549 quod
444 485 477 530 et
498 469 668 550 potentior
685 483 717 530 et
736 468 858 549 major,
893 490 995 550 quam
1023 474 1129 555 priva-

143 592 213 649 tue,
235 573 498 661 existimabatur.
539 574 669 635 Multoe
690 573 783 634 enim
802 574 997 638 liberalitate
1012 578 1129 642 devin-

143 697 253 755 xerat,
288 681 400 762 pluree
430 679 530 739 etiam
559 697 658 759 opera
679 675 807 738 sorensi
828 695 906 739 tuoe
931 681 1129 747 reddiderat.

80 788 112 850 Β.
145 787 259 873 Quare
280 785 397 856 fiebat,
431 799 469 843 ut
498 781 654 843 omnium
683 783 817 856 oculor,
851 784 1130 869 quotiescumque

143 890 181 952 in
205 888 382 972 publicum
403 885 577 968 prodisset,
601 886 643 946 ad
665 905 699 947 ee
721 904 944 965 converteret,
966 912 1077 974 neque
1096 893 1128 955 ei

143 1016 201 1079 par
232 994 411 1075 quisquam
440 992 477 1053 in
508 990 641 1051 civitate
669 1006 859 1072 poneretur.
908 995 1028 1076 Itaque
1055 1019 1128 1060 non

141 1100 254 1160 eolum
278 1109 371 1179 epem
393 1095 428 1157 in
458 1115 497 1157 eo
518 1095 687 1158 habebant
709 1097 909 1174 maximam,
944 1102 1002 1162 sed
1026 1102 1128 1165 etiam

145 1205 315 1278 timorem,
343 1201 435 1283 quod
456 1215 489 1262 et
508 1203 620 1262 obesse
642 1199 828 1281 plurimum
847 1217 879 1265 et
898 1205 1051 1287 prodeeee
1074 1226 1130 1287 po·

82 1311 114 1373 6.
147 1324 237 1371 terat.
277 1308 548 1389 Adepergebatur
569 1305 669 1367 etiam
686 1304 842 1384 infamia,
861 1310 955 1391 quod
974 1309 1010 1373 in
1025 1310 1127 1374 domo

143 1434 204 1476 eua
224 1400 328 1476 faeere
349 1410 507 1494 mysteria
527 1408 715 1471 dicebatur:
737 1413 829 1491 quod
848 1413 940 1477 nefas
953 1430 1021 1478 erat
1036 1437 1130 1480 more

141 1519 432 1588 Atheniensium
467 1516 571 1594 idque
596 1534 667 1575 non
688 1502 731 1575 ad
758 1498 972 1601 religionem,
1006 1522 1063 1584 eed
1084 1521 1128 1584 ad

142 1624 411 1708 conjurationem
433 1619 596 1702 pertineie
618 1619 880 1685 existimabatur.

117 1810 148 1866 ’4.
175 1801 253 1873 quod
275 1810 304 1853 et
326 1803 478 1865 potentior
502 1804 531 1848 et
551 1793 667 1864 major]
708 1798 815 1851 Potens
834 1799 898 1868 geht
919 1800 970 1854 aui
987 1800 1041 1854 den
1056 1802 1131 1854 Ein-

79 1885 180 1962 fluss,
198 1886 325 1940 welchen
343 1903 374 1936 er
394 1885 445 1954 bey
465 1880 573 1935 andern
591 1880 685 1945 hatte,
704 1881 754 1934 dee
774 1885 926 1949 Aneeiren,
949 1890 978 1936 in
995 1887 1131 1939 weichem

84 1993 116 2025 er
134 1975 185 2045 bey
205 1975 292 2025 ibnen
314 1969 412 2029 stand,
450 1965 552 2034 major
577 1965 630 2017 eui
644 1966 690 2018 die
708 1966 796 2018 daher
819 1967 1000 2021 entetebende
1015 1969 1133 2026 Merit.

82 2059 181 2130 Beyde
207 2058 313 2111 Worte
341 2051 406 2108 eind
433 2050 493 2105 tito
521 2054 574 2103 uie
597 2050 700 2107 Grrurd
729 2051 787 2105 und
815 2052 899 2123 Polge
923 2056 976 2106 mit
999 2053 1133 2113 einander

85 2141 262 2198 verbunden.

121 2291 149 2348 5.
174 2252 349 2354 pdneretur]
385 2278 456 2332 Vide
475 2274 600 2349 Proesat.
619 2281 645 2345 ς.
664 2286 691 2341 5.

175 2397 234 2430 non
247 2378 339 2429 solum
356 2393 433 2446 spem
452 2378 482 2425 in
500 2390 532 2423 eo
550 2371 702 2425 habebant
719 2380 898 2438 marcr‘merm,
916 2371 1071 2428 sedetiam
1091 2380 1133 2427 n·-

86 2462 212 2536 morem]
261 2444 410 2516 lehi-tu
434 2459 479 2511 die
495 2458 608 2511 Phrati·
632 2462 765 2510 tr'morem
789 2458 894 2510 iubere
920 2463 951 2511 in
977 2461 1075 2532 aliquo
1092 2479 1132 2515 en

86 2549 147 2602 eioh
165 2548 211 2602 sur
231 2546 429 2601 unlateinieeh.
475 2542 569 2597 Altero
592 2559 622 2597 ee
650 2547 687 2595 iet
713 2542 774 2596 hier
796 2543 901 2597 wieder
925 2547 970 2598 eiu
988 2546 1131 2616 Zeugma,

83 2633 261 2704 dergi'eicben
282 2636 335 2684 wir
352 2632 440 2684 echon
463 2632 554 2698 einige
574 2627 672 2680 hatten
691 2628 775 2699 (Vgl.
795 2630 895 2682 Cimon
913 2630 958 2697 11,
978 2632 1040 2703 1.),
1066 2631 1130 2687 daie

85 2738 120 2773 ιιι
135 2720 265 2773 mehrern
281 2717 469 2771 Suberantivie
491 2712 541 2769 dae
565 2713 672 2782 gleiebe
693 2715 816 2768 Verbum
834 2729 938 2785 gereret
956 2716 1042 2780 wird,
1059 2717 1133 2770 wel-

85 2805 149 2859 ebee
166 2805 246 2858 nieht
268 2821 302 2856 ru
322 2802 397 2856 allen
416 2800 501 2874 peste.
537 2799 606 2851 Hier
621 2799 695 2852 muse
714 2817 781 2853 man
803 2819 857 2852 nur
875 2799 928 2863 den
944 2798 1131 2877 allgemeinen

82 2889 194 2961 Begriss
210 2892 312 2945 herrm
330 2891 467 2943 nehmeu:
487 2889 534 2939 Sic
547 2883 725 2954 sorcheeten
743 2884 805 2938 sicli
822 2904 880 2937 νον
897 2884 965 2939 ilem.

129 3028 157 3083 6.
193 3027 350 3100 mysteria]
410 3024 571 3095 Eigemiioh
607 3026 732 3093 gebeime
764 3024 1057 3091 Zuummenitunite,
1098 3030 1130 3080 in

88 3114 214 3166 weicheri
239 3114 310 3166 narb
334 3112 384 3166 der
413 3112 477 3166 idee
499 3110 547 3163 dee
573 3115 720 3179 gemeiueo
746 3114 849 3164 Voikee
875 3111 1133 3179 gotteedienetliebe

86 3197 276 3266 Hendiungen
303 3198 453 3250 verriebtet
479 3194 605 3249 worden.
639 3195 860 3267 .Ureprirogiieh
885 3198 981 3250 herten
1008 3204 1048 3249 eie
1075 3196 1131 3248 den

88 3284 205 3345 Zweck,
223 3282 276 3334 den
299 3283 493 3352 Abergiauben
515 3300 548 3334 zu
568 3282 671 3353 tilgen,
689 3282 747 3336 und
766 3284 929 3337 ailmiibirob
948 3289 1057 3336 reinero
1075 3284 1132 3334 Be·
1195 3328 1198 3333 ⁴

88 3366 173 3439 grisie
190 3365 258 3419 tiber
277 3368 346 3421 Gort
363 3367 421 3421 und
440 3367 485 3421 die
507 3368 678 3423 Sittliobkeit
698 3386 733 3421 ru
751 3369 889 3440 piianren.
939 3370 976 3420 So
996 3372 1049 3418 wie
1070 3366 1131 3420 einh

86 3453 157 3507 eber
170 3451 222 3521 bey
238 3450 322 3504 eliem
339 3469 395 3505 eon
414 3452 532 3524 derldrt
553 3452 627 3505 naeir
643 3452 703 3506 und
718 3454 791 3506 nach
805 3453 855 3504 der
867 3452 1053 3522 Heupuweek
1066 3467 1131 3503 ver·

85 3537 169 3602 iiert,
187 3535 245 3588 und
264 3553 300 3589 en
317 3536 364 3590 die
382 3537 466 3591 stelle
484 3536 532 3589 dee
547 3535 651 3590 Edleru
667 3554 753 3591 etwre
776 3535 888 3590 minder
899 3536 982 3589 Edlee
1003 3541 1080 3601 tritt,
1098 3552 1130 3589 eo

85 3621 204 3677 worden
224 3622 295 3674 euch
317 3619 392 3673 diere
415 3624 569 3691 Myeterien
593 3621 636 3676 oie
658 3641 709 3676 eur
724 3622 944 3693 Beechbnigrmg
969 3638 1024 3673 eon
1047 3639 1132 3676 men-

87 3709 200 3779 eherley
222 3706 493 3775 Aureohweisuogen
517 3707 679 3776 gebnuebt.
727 3708 813 3761 Dieee
834 3706 989 3773 Myeterien
1014 3704 1129 3763 duriter«

83 3794 166 3848 nieht
185 3811 240 3844 ron
262 3791 470 3857 Prirndeuten,
498 3792 658 3848 wenn'und
678 3797 731 3845 wie
754 3798 794 3844 eie
822 3788 953 3855 realiter,
987 3795 1017 3843 iu
1038 3793 1130 3848 ibrern

85 3878 181 3934 flaute
199 3876 329 3946 gebaiten
340 3876 462 3931 werden.
497 3877 596 3934 Diem
608 3877 669 3950 gele
678 3877 724 3932 ibe
733 3877 941 3948 Entneihuug,
959 3877 1018 3934 und
1031 3880 1127 3937 wurde

85 3969 139 4019 roit
157 3962 207 4016 der
224 3963 416 4034 Verbanuung
434 3960 560 4033 remen.
