2722 4838
288 283 356 348 ²350
395 276 511 345 XXV.
528 276 569 340 Τ.
581 275 778 360 Pomponiae
791 273 929 338 Atticus.
954 335 955 338 ,
972 276 1063 360 Cap.
1077 276 1158 340 XI.
1172 277 1259 343 ΧΠ.
1285 292 1307 397 ὓ

353 446 505 516 percepta
521 429 686 493 retinebat
704 427 886 490 beneficia:
909 447 988 509 quae
1007 443 1139 492 autem
1163 416 1291 514 ipseri'rf

354 553 419 611 rat,
439 520 569 599 tamdiu
591 533 807 608 meminerat,
828 536 941 614 quoad
964 535 1029 597 ille
1055 554 1178 618 gratus
1202 554 1292 616 enac·

271 647 324 711 (6.
354 657 532 725 acceperat.
582 642 703 720 Itaque
723 635 778 700 hic
798 637 890 714 fecit,
923 654 963 700 ut
989 660 1079 702 vere
1103 641 1236 704 dictum
1250 643 1296 702 ria·

357 763 427 811 tur:
449 746 508 809 sm·
529 749 638 826 cuique
660 765 760 805 mores
771 743 897 826 fingunt
917 745 1128 836 Fortnnam.
1178 747 1277 827 ,Neque

352 874 434 914 men
454 854 546 936 prius
567 851 627 913 ille
644 850 832 925 fortunam,
853 869 955 930 quam
978 869 1019 911 se
1044 851 1144 933 ipae,
1168 852 1287 930 nuxia-3

354 957 460 1034 cavit,
481 979 525 1020 ne
547 955 670 1038 quain
690 975 725 1017 re
742 954 819 1036 jure
839 957 1060 1036 plecteretur.

696 1135 809 1205 Car.
857 1134 941 1204 XII.

293 1299 326 1345 ι.
357 1279 427 1341 His
445 1279 553 1369 igitur
572 1281 670 1341 rebus
688 1276 818 1351 effecit,
838 1289 877 1337 ut
898 1277 949 1339 Μ.
971 1274 1191 1360 Vipsanius
1205 1278 1290 1362 Agri

354 1385 477 1471 intima
504 1384 730 1447 familiaritate
757 1380 958 1463 conjunctus
981 1383 1215 1448 adolescenti
1238 1387 1307 1447 Cat

355 1467 464 1569 ‘num
487 1507 620 1573 propter
638 1510 733 1551 suam
753 1488 910 1571 gratiam,
932 1500 964 1548 et
986 1487 1142 1552 Caeaaris
1168 1492 1311 1573 potentian

354 1597 488 1657 nullius
511 1595 718 1657 conditionis
738 1615 809 1656 nou
829 1592 964 1654 habent
986 1608 1226 1674 potestatem,
1243 1596 1314 1678 potira

353 1699 545 1780 mum.ejus
567 1699 727 1782 deligeret
743 1696 953 1772 affinitatem,
977 1697 1319 1783 praeoptaretqueequ'r

295 1824 325 1876 a.
356 1807 397 1868 tir
417 1805 568 1868 Romani
587 1805 693 1866 filiam
713 1821 945 1886 generosarum
966 1803 1123 1884 nuptiis.
1169 1802 1319 1886 Atquela

296 1942 301 1954 ·
352 1933 429 1973 rum
456 1911 652 1993 nuptiarum
673 1907 866 1970 conciliator
892 1906 957 1968 fuit
986 1913 1082 1986 (non
1109 1928 1165 1974 est
1196 1911 1279 1973 enim
1295 1926 1319 1966 cr

352 2019 519 2095 landum)
554 2018 606 2079 Μ.
639 2015 816 2076 Antonius
845 2012 1001 2075 triumvir
1038 2014 1251 2096 reipublicae
1280 2034 1314 2076 cor

352 2123 553 2184 stituendae:
583 2120 678 2203 cujus
708 2120 809 2204 gratia
834 2137 942 2199 quum
971 2137 1099 2199 augere
1135 2123 1317 2201 possession

354 2243 467 2309 posset
491 2248 587 2303 suas,
622 2241 754 2290 tantum
781 2224 888 2287 abluit
911 2245 930 2284 a
956 2221 1156 2304 cupiditate
1191 2226 1320 2310 pecun'ti

352 2351 393 2396 ut
414 2336 511 2395 nulla
533 2336 623 2395 inre
646 2353 726 2394 usus
745 2332 787 2395 ait
807 2353 861 2406 ea,
883 2329 948 2391 nisi
970 2329 1007 2390 in
1027 2330 1266 2411 deprecandis
1280 2327 1324 2392 ani

293 2434 324 2502 3.
355 2459 472 2500 corum
493 2453 553 2498 aut
575 2438 747 2521 periculis,
777 2454 835 2500 aut
858 2435 1099 2500 incommodis.
1157 2439 1267 2525 Quod
1284 2435 1329 2519 qui

291 2615 351 2684 rig!
371 2613 426 2667 Die
443 2613 561 2681 nbrtgen
580 2612 704 2679 Soellen,
727 2614 833 2667 welche
856 2632 923 2668 men
941 2611 1097 2683 angeluhrr
1119 2615 1190 2681 bar,
1211 2620 1276 2671 eind
1295 2632 1334 2669 ua·

290 2700 396 2770 richtig
413 2698 601 2766 veretanden,
630 2698 689 2752 und
708 2700 831 2770 gehb'ren
850 2704 919 2755 eben
942 2718 974 2754 eo
992 2703 1088 2770 menig
1108 2706 1140 2755 in
1159 2704 1237 2758 Eine
1254 2703 1337 2756 Clam

289 2793 344 2842 mit
361 2786 412 2841 der
429 2792 576 2858 untrigen.
624 2786 714 2839 Krine
731 2785 801 2839 wird
820 2804 886 2841 man
908 2785 1017 2854 finden,
1041 2805 1089 2839 wo
1107 2806 1201 2856 neque
1218 2817 1254 2830 -
1271 2806 1339 2845 non,

289 2891 421 2927 wana-er
440 2872 721 2943 zusammengehdrt‚
739 2871 781 2925 alr
796 2874 980 2943 Verneinung
996 2887 1102 2942 gereret
1118 2877 1164 2924 itt.
1199 2872 1252 2924 Ich
1268 2872 1339 2924 habe

244 3006 248 3015 .
287 2959 378 3014 daher
393 2978 452 3012 non
470 2960 544 3014 ohne
562 2959 712 3013 Bcdenken
730 2964 760 3013 in
778 2961 877 3013 Halten
896 2959 1137 3029 eingeschloeren.

323 3099 352 3154 6.
378 3119 466 3170 quam
482 3119 514 3152 re
531 3101 606 3170 ipse]
641 3100 707 3171 vgl.
726 3103 851 3156 Paracata.
869 3102 925 3169 IV,
942 3109 970 3167 5.

324 3240 391 3294 Xll.
429 3260 454 3295 t.
481 3240 672 3312 conditionis]
709 3242 774 3312 vgt.
792 3243 892 3295 Cimon
910 3243 941 3307 1,
958 3248 985 3308 4.
1020 3237 1118 3292 Ueber
1139 3238 1273 3311 deligere
1292 3239 1335 3293 P·-

286 3324 376 3394 lapid.
395 3328 438 3389 ll,
456 3344 483 3379 a.

371 3430 606 3492 praeoptaretque
620 3426 724 3491 equitis
732 3423 856 3476 Romani
865 3419 968 3492 fillum
980 3435 1201 3487 generosarum
1218 3416 1333 3492 nuptiis]

286 3504 368 3558 Auch
387 3506 449 3557 hier
466 3514 503 3558 iet
521 3507 567 3561 die
582 3509 689 3560 Person
708 3513 760 3561 mir
778 3508 828 3561 der
844 3507 936 3561 Saclre
955 3503 1140 3573 verginiam,
1167 3506 1207 3561 de
1232 3513 1332 3578 cigent-

284 3587 345 3642 lton
369 3590 511 3644 Personen
536 3596 587 3645 mit
606 3594 767 3660 Personerr,
792 3593 861 3647 oder
878 3592 990 3647 Saclrerr
1015 3594 1068 3641 mir
1095 3591 1220 3645 Sachen
1247 3596 1332 3648 h'a'rter

285 3676 450 3747 vergllchen
466 3676 581 3732 werden
599 3679 699 3733 tollen.
741 3681 811 3736 Men
835 3679 901 3732 eehe
925 3677 971 3731 die
989 3677 1184 3747 Anmerkung
1209 3697 1247 3732 au
1265 3677 1333 3734 cle·

286 3759 368 3815 lrlar
385 3764 443 3833 Ill,
460 3771 488 3834 4.
532 3765 693 3819 Generorus
712 3767 802 3835 uelit,
824 3770 879 3820 wie
896 3782 957 3837 cap.
978 3783 1019 3831 1.,
1043 3761 1090 3814 lm·
1108 3780 1148 3815 ex
1166 3762 1279 3818 ordine
1294 3780 1333 3816 re-

281 3854 412 3904 nalorlo.

319 3972 348 4009 a.
374 3963 407 4010 ln
431 3959 622 4033 deprecandis
649 3968 809 4016 amicorum
836 3989 872 4006 -
895 3959 1050 4033 periculis]
1101 3959 1224 4013 Gellius
1246 3962 1331 4019 Nocl.

283 4038 353 4103 All.
370 4042 439 4115 vlt,
466 4044 510 4102 ιδ.
535 4050 632 4105 macha
652 4043 698 4106 die
721 4048 787 4105 sehr
810 4048 930 4124 richtige
951 4048 1148 4119 Bernerltunss⁸
1179 4046 1331 4120 deprecari
