2722 4838
119 332 124 337 ’
198 356 315 424 xxv.
337 360 376 422 r.
393 360 586 444 rompono
608 364 743 429 Aureus.
786 366 864 449 cap.
884 366 1008 434 Vm.
1065 332 1124 450 '341

300 488 304 504 ‘
476 517 581 589 οη.
631 520 731 591 vttt.

82 675 112 719 1.
141 657 299 721 Secutum
320 672 369 721 est
391 659 494 736 illud,
518 661 626 723 occiso
651 661 789 737 Cesare,
810 683 918 743 quum
940 664 1128 748 respublica

141 782 245 844 penes
264 762 387 824 Brutos
409 763 579 827 videretur
600 784 668 829 esse
691 784 725 829 et
744 767 914 843 Cassium,
941 790 978 832 ac
999 786 1065 834 tota
1086 771 1138 832 ci·.

83 886 113 935 α.
143 867 230 929 vitas
250 887 284 928 se
307 869 348 928 ad
366 888 422 929 eos
439 870 664 934 convertisset.
703 872 757 934 Sic
774 875 826 936 M.
841 874 948 935 Bruto
967 895 1046 937 usus
1063 890 1128 950 est,

139 987 181 1032 ut
208 973 306 1034 nullo
334 973 393 1035 ille
421 974 611 1037 adolescens
635 978 757 1059 aequali
778 977 997 1054 familiarium
1024 1001 1128 1060 quant

143 1077 208 1138 hoc
225 1097 320 1154 sene,
335 1100 454 1160 neque
476 1082 587 1141 solum
608 1103 687 1142 eum
711 1083 897 1166 principem
919 1084 1062 1145 consilii·
1075 1085 1129 1146 lta·

82 1181 113 1244 3.
143 1184 251 1254 heret,
279 1185 337 1245 sed
365 1183 465 1246 etiam
495 1186 534 1267 in⁸
562 1187 733 1248 convictu.
772 1187 1010 1271 Excogitatum
1034 1188 1130 1253 est'a
1173 1206 1175 1211 ’

40 1342 43 1348 ,
144 1287 364 1367 quibusdam,
386 1306 425 1351 ut
436 1289 607 1373 privatum
625 1293 774 1355 aerarium
793 1293 925 1354 Caesaris
944 1294 1131 1356 interfecto

32 1417 34 1421 ’
142 1393 236 1454 ribus
260 1395 301 1454 ab
327 1395 499 1475 equitibus
520 1396 685 1458 Romanis
712 1397 979 1461 constitueretur.
1019 1398 1061 1460 Id
1087 1396 1131 1460 fa·

141 1497 207 1560 cile
226 1497 311 1562 effici
335 1519 428 1581 posse
451 1501 598 1563 arbitrati
618 1517 713 1576 sunt,
740 1502 770 1563 si
792 1518 825 1565 et
844 1503 1011 1585 principes
1030 1500 1131 1565 illius

143 1602 272 1666 ordinis
286 1603 446 1687 pecunias
463 1607 695 1669 contulissent.
736 1609 856 1688 Itaque
877 1609 1063 1691 appellatus
1082 1625 1131 1677 eet

86 1780 160 1832 wire
180 1782 276 1838 Vates·
299 1779 358 1834 und
378 1783 456 1836 Solen
483 1789 615 1854 gemeint.
650 1785 735 1838 Deua
759 1784 832 1837 nach
857 1785 921 1838 dent
947 1786 1049 1855 obigen
1072 1803 1133 1840 wer

83 1865 129 1918 die
149 1866 306 1920 Schwester
325 1866 374 1920 des
390 1872 500 1922 Atticus
525 1887 572 1933 eu,
587 1868 641 1922 den
662 1875 788 1940 Quintus
808 1871 907 1923 Cicero
930 1872 1131 1927 verheirethet.

85 1953 135 2006 lclt
160 1952 225 2006 sehe
247 1953 320 2007 euch
340 1955 443 2008 leinen
465 1955 585 2022 Grund,
611 1973 721 2009 warum
745 1953 820 2008 diese
843 1956 940 2008 Lesars
964 1956 1045 2010 sollte
1066 1975 1133 2011 ver·

82 2038 191 2092 worseu
209 2039 338 2094 werden.

117 2181 198 2233 vlu.
237 2201 261 2236 t.
287 2181 423 2234 Secutum
440 2189 483 2234 est
505 2181 593 2251 illud]
631 2180 781 2235 N‘a'hmlich
801 2181 921 2245 bellum,
939 2182 1059 2236 welches
1078 2200 1130 2237 eus

84 2263 149 2317 dem
176 2265 305 2335 estange
330 2266 379 2320 des
405 2275 519 2338 rotigen
546 2268 670 2338 Capitels
695 2267 879 2320 wiederholtlt
907 2268 1019 2321 werden
1045 2269 1132 2324 mule.

84 2350 146 2403 Une
165 2351 320 2406 helremdst
344 2351 421 2407 diese
444 2373 474 2407 so
495 2359 577 2406 weite
595 2356 769 2425 Repetition;
799 2353 865 2406 eber
883 2353 1002 2407 forden
1024 2356 1134 2409 Corne-

84 2435 141 2489 lius
159 2456 219 2490 war
235 2445 280 2491 die
294 2439 473 2510 Entsernung
491 2441 570 2493 nicht
589 2457 620 2492 so
639 2438 732 2509 gruis,
752 2438 786 2491 dn
802 2437 852 2491 das
870 2455 956 2508 genae
969 2445 1065 2510 vorige
1076 2442 1134 2494 Ce-

86 2523 157 2593 pitel
175 2523 229 2576 den
245 2526 333 2594 Krieg
351 2528 490 2579 zwisclten
508 2526 656 2596 Pompeius
677 2524 735 2576 und
755 2525 848 2578 Caesar
865 2524 966 2580 becral‘.
1002 2528 1036 2579 ln
1058 2529 1136 2578 cini-t

87 2622 140 2676 gen
162 2608 384 2663 Handschristen
403 2615 443 2665 ist
459 2620 570 2679 temptas
589 2613 674 2663 hinzu
694 2625 813 2678 gesetzt,
839 2611 958 2664 welches
976 2616 1038 2666 eine
1054 2612 1135 2666 nicht
1159 2630 1162 2637 ·
1187 2616 1195 2631 ⁸
1261 2646 1265 2653 ι

86 2692 152 2746 sehr
169 2694 328 2764 gluckliclte
345 2698 515 2766 Erginaung
533 2697 580 2750 des
601 2697 776 2751 substantivi
795 2703 841 2751 ist.

172 2807 209 2842 ac
231 2800 297 2844 tota
320 2797 430 2845 civitas
450 2811 481 2844 se
503 2790 544 2842 ad
562 2809 609 2843 eos
628 2788 832 2858 convertisset]
867 2791 938 2843 Eine
958 2789 1086 2860 beynelte
1103 2793 1135 2842 in

85 2875 161 2930 sllen
177 2878 320 2950 Sprecheu
337 2878 450 2930 obliche
466 2877 600 2940 phrasis,
618 2893 667 2927 um
685 2874 734 2927 des
748 2876 892 2926 Zutrauen
909 2874 1135 2939 ausrudrncltm

85 2963 205 3017 welches
224 2983 292 3016 man
309 2963 362 3016 sul
373 2967 455 3013 einen
474 2974 553 3013 secat.
591 2959 690 3012 Cicero
705 2960 803 3010 Somn.
817 2959 893 3025 Scip.
912 2975 939 3011 s.
958 2962 1031 3009 inte
1045 2976 1134 3010 unum

87 3056 175 3119 atqne
195 3053 227 3099 tn
245 3057 327 3100 turem
344 3061 494 3098 reomense
513 3051 580 3094 eota
599 3049 747 3096 convertet
765 3048 879 3096 civitas.

123 3203 151 3238 2.
179 3183 363 3255 adolescens]
398 3183 448 3238 st·
467 3188 513 3238 ein
528 3183 620 3238 Mean
639 3199 695 3236 von
714 3186 819 3253 vienig
838 3182 952 3238 Jahreu.
987 3183 1053 3254 Vgl.
1071 3183 1135 3238 Ete-

88 3288 184 3322 menee
200 3271 232 3338 l,
250 3279 278 3341 4.

122 3423 150 3479 5.
178 3416 204 3465 sl
222 3420 252 3465 et
266 3408 428 3483 priucipes]
462 3411 533 3466 Men
555 3410 687 3465 beneclee
707 3413 876 3480 wenigstens
902 3414 932 3460 et
955 3407 1003 3461 si'tr
1024 3408 1158 3476 etiam‚'

88 3516 172 3552 wenn
189 3515 258 3552 men
276 3513 305 3550 es
322 3498 402 3551 nicht
420 3497 526 3551 indere
549 3517 584 3551 au
601 3506 714 3550 muesen
736 3496 844 3565 gleubt.
880 3494 960 3547 Doch
981 3495 1083 3548 erht'iht
1103 3511 1133 3548 es
1218 3515 1220 3519 ·

88 3584 161 3637 euch
186 3584 249 3638 ln'er
272 3582 327 3638 (len
346 3583 472 3655 negent:
498 3600 589 3638 mem
614 3601 677 3638 vor
703 3583 807 3634 allen
832 3600 898 3632 aur
927 3580 974 3632 dt'e
1000 3583 1161 3650 Augen-¹
1229 3579 1232 3585 ’

88 3669 225 3737 ltsnstert,
242 3688 272 3725 u.
290 3686 314 3724 s.
329 3688 365 3724 ts.

178 3763 343 3832 appellatus
361 3761 421 3834 est]
455 3763 614 3836 Appellare
632 3780 731 3836 quem,
757 3766 840 3813 elnen
858 3779 906 3813 stm
925 3770 1024 3813 emas
1041 3776 1136 3829 ange-

89 3849 160 3914 heri,
184 3850 288 3904 steron.
323 3851 395 3905 Eine
420 3849 550 3903 slendich
575 3849 680 3916 seltene
705 3846 880 3914 Bedeutuug.
926 3845 991 3914 Vgl.
1018 3846 1137 3898 Ernesti

91 3935 177 3990 Clau.
203 3935 295 3992 Cicer.
338 3936 517 4005 Compellare
542 3933 628 3989 findet
653 3933 714 3987 sloh
741 3932 828 3985 onere
853 3937 883 3983 in
908 3929 1013 3984 diesem
1037 3931 1136 3985 Sinne.

89 4023 158 4074 Sine
170 4020 312 4094 faesione
329 4027 369 4078 im
383 4020 543 4096 Folgenden
561 4019 660 4075 bellet:
680 4019 753 4074 olene
770 4014 935 4092 offentlicls
952 4023 1014 4071 eine
1024 4016 1135 4089 Parcey

90 4125 128 4159 en
146 4107 277 4168 nehmen.
