<?xml version="1.0" encoding="UTF-8"?>
<!DOCTYPE html PUBLIC "-//W3C//DTD XHTML 1.0 Transitional//EN"
    "http://www.w3.org/TR/xhtml1/DTD/xhtml1-transitional.dtd">
<html xmlns="http://www.w3.org/1999/xhtml" xml:lang="en" lang="en">
 <head>
  <title>
</title>
<meta http-equiv="Content-Type" content="text/html;charset=utf-8" />
  <meta name='ocr-system' content='tesseract 3.04.00' />
  <meta name='ocr-capabilities' content='ocr_page ocr_carea ocr_par ocr_line ocrx_word'/>
</head>
<body>
  <div class='ocr_page' id='page_1' title='image "./devitaexcellent00bremgoog/devitaexcellent00bremgoog_0256.png"; bbox 0 0 2722 4838; ppageno 0'>
   <div class='ocr_carea' id='block_1_1' title="bbox 254 329 1077 429">
    <p class='ocr_par' dir='ltr' id='par_1_1' title="bbox 254 329 1077 429">
     <span class='ocr_line' id='line_1_1' title="bbox 254 329 1077 429; baseline -0.004 -17"><span class='ocrx_word' id='word_1_1' title='bbox 254 351 310 420; x_wconf 71' lang='lat'><strong>262</strong></span> <span class='ocrx_word' id='word_1_2' title='bbox 410 402 416 411; x_wconf 91' lang='lat'><strong>.</strong></span> <span class='ocrx_word' id='word_1_3' title='bbox 470 348 629 414; x_wconf 85' lang='lat' dir='ltr'><strong><em>XVIII.</em></strong></span> <span class='ocrx_word' id='word_1_4' title='bbox 647 348 813 410; x_wconf 81' lang='lat' dir='ltr'><strong><em>Eumenes.</em></strong></span> <span class='ocrx_word' id='word_1_5' title='bbox 854 345 933 429; x_wconf 83' lang='lat' dir='ltr'><strong>Cap.</strong></span> <span class='ocrx_word' id='word_1_6' title='bbox 953 329 1077 409; x_wconf 69' lang='lat' dir='ltr'><strong>adm.</strong></span> 
     </span>
    </p>
   </div>
   <div class='ocr_carea' id='block_1_2' title="bbox 216 497 1309 1734">
    <p class='ocr_par' dir='ltr' id='par_1_2' title="bbox 311 497 1309 581">
     <span class='ocr_line' id='line_1_2' title="bbox 311 497 1309 581; baseline 0.004 -17"><span class='ocrx_word' id='word_1_7' title='bbox 311 514 453 580; x_wconf 85' lang='lat' dir='ltr'><strong>mosque</strong></span> <span class='ocrx_word' id='word_1_8' title='bbox 466 501 568 562; x_wconf 89' lang='lat' dir='ltr'><strong>duces</strong></span> <span class='ocrx_word' id='word_1_9' title='bbox 581 499 700 581; x_wconf 87' lang='lat' dir='ltr'><strong>partim</strong></span> <span class='ocrx_word' id='word_1_10' title='bbox 715 497 907 578; x_wconf 83' lang='lat' dir='ltr'><strong>repulisset,</strong></span> <span class='ocrx_word' id='word_1_11' title='bbox 928 498 1049 579; x_wconf 84' lang='lat' dir='ltr'><strong>partim</strong></span> <span class='ocrx_word' id='word_1_12' title='bbox 1065 498 1309 580; x_wconf 71' lang='lat' dir='ltr'><strong>interfecisset,</strong></span> 
     </span>
    </p>

    <p class='ocr_par' dir='ltr' id='par_1_3' title="bbox 216 584 1308 1106">
     <span class='ocr_line' id='line_1_3' title="bbox 216 584 1308 688; baseline -0.003 -19"><span class='ocrx_word' id='word_1_13' title='bbox 216 584 222 594; x_wconf 22' lang='grc' dir='ltr'>ἱ</span> <span class='ocrx_word' id='word_1_14' title='bbox 313 623 427 688; x_wconf 84' lang='lat' dir='ltr'><strong>captus</strong></span> <span class='ocrx_word' id='word_1_15' title='bbox 448 626 520 667; x_wconf 91' lang='lat' dir='ltr'><strong>non</strong></span> <span class='ocrx_word' id='word_1_16' title='bbox 539 603 710 688; x_wconf 82' lang='lat' dir='ltr'><strong>Antigoni</strong></span> <span class='ocrx_word' id='word_1_17' title='bbox 730 603 872 675; x_wconf 86' lang='lat' dir='ltr'><strong>virtute,</strong></span> <span class='ocrx_word' id='word_1_18' title='bbox 901 601 959 662; x_wconf 88' lang='lat' dir='ltr'><strong>sed</strong></span> <span class='ocrx_word' id='word_1_19' title='bbox 980 603 1211 667; x_wconf 79' lang='lat' dir='ltr'><strong>Macedonum</strong></span> <span class='ocrx_word' id='word_1_20' title='bbox 1234 628 1308 688; x_wconf 83' lang='lat' dir='ltr'><strong>per-</strong></span> 
     </span>
     <span class='ocr_line' id='line_1_4' title="bbox 256 690 1305 791; baseline 0.004 -20"><span class='ocrx_word' id='word_1_21' title='bbox 256 729 284 780; x_wconf 73' lang='lat' dir='ltr'><strong>s.</strong></span> <span class='ocrx_word' id='word_1_22' title='bbox 311 710 416 791; x_wconf 81' lang='lat' dir='ltr'><strong>jurio,</strong></span> <span class='ocrx_word' id='word_1_23' title='bbox 447 710 546 770; x_wconf 88' lang='lat' dir='ltr'><strong>talem</strong></span> <span class='ocrx_word' id='word_1_24' title='bbox 571 690 692 769; x_wconf 75' lang='lat' dir='ltr'><strong>habuil</strong></span> <span class='ocrx_word' id='word_1_25' title='bbox 715 707 844 768; x_wconf 84' lang='lat' dir='ltr'><strong>exitum</strong></span> <span class='ocrx_word' id='word_1_26' title='bbox 869 706 958 767; x_wconf 85' lang='lat' dir='ltr'><strong>vitae.</strong></span> <span class='ocrx_word' id='word_1_27' title='bbox 1004 709 1050 768; x_wconf 91' lang='lat' dir='ltr'><strong>In</strong></span> <span class='ocrx_word' id='word_1_28' title='bbox 1074 729 1144 788; x_wconf 91' lang='lat' dir='ltr'><strong>quo</strong></span> <span class='ocrx_word' id='word_1_29' title='bbox 1171 728 1305 789; x_wconf 88' lang='lat' dir='ltr'><strong>quanta</strong></span> 
     </span>
     <span class='ocr_line' id='line_1_5' title="bbox 311 811 1302 893; baseline 0.002 -17"><span class='ocrx_word' id='word_1_30' title='bbox 311 812 413 876; x_wconf 85' lang='lat' dir='ltr'><strong>fuerit</strong></span> <span class='ocrx_word' id='word_1_31' title='bbox 426 817 583 875; x_wconf 88' lang='lat' dir='ltr'><strong>omnium</strong></span> <span class='ocrx_word' id='word_1_32' title='bbox 598 812 715 893; x_wconf 86' lang='lat' dir='ltr'><strong>opinio</strong></span> <span class='ocrx_word' id='word_1_33' title='bbox 732 831 866 884; x_wconf 83' lang='lat' dir='ltr'><strong>eorum,</strong></span> <span class='ocrx_word' id='word_1_34' title='bbox 889 811 950 891; x_wconf 90' lang='lat' dir='ltr'><strong>qui</strong></span> <span class='ocrx_word' id='word_1_35' title='bbox 967 828 1039 893; x_wconf 85' lang='lat' dir='ltr'><strong>post</strong></span> <span class='ocrx_word' id='word_1_36' title='bbox 1055 813 1302 878; x_wconf 83' lang='lat' dir='ltr'><strong>Alexandrum</strong></span> 
     </span>
     <span class='ocr_line' id='line_1_6' title="bbox 314 915 1303 1002; baseline 0 -20"><span class='ocrx_word' id='word_1_37' title='bbox 314 939 477 1002; x_wconf 89' lang='lat' dir='ltr'><strong>magnum</strong></span> <span class='ocrx_word' id='word_1_38' title='bbox 492 934 581 1001; x_wconf 85' lang='lat' dir='ltr'><strong>reges</strong></span> <span class='ocrx_word' id='word_1_39' title='bbox 594 931 674 979; x_wconf 84' lang='lat' dir='ltr'><strong>sunt</strong></span> <span class='ocrx_word' id='word_1_40' title='bbox 685 915 858 997; x_wconf 82' lang='lat' dir='ltr'><strong>appellati,</strong></span> <span class='ocrx_word' id='word_1_41' title='bbox 879 936 921 976; x_wconf 87' lang='lat' dir='ltr'><strong>ex</strong></span> <span class='ocrx_word' id='word_1_42' title='bbox 936 916 1000 977; x_wconf 89' lang='lat' dir='ltr'><strong>hoc</strong></span> <span class='ocrx_word' id='word_1_43' title='bbox 1015 915 1176 981; x_wconf 82' lang='lat' dir='ltr'>facillime</span> <span class='ocrx_word' id='word_1_44' title='bbox 1191 937 1303 1001; x_wconf 84' lang='lat' dir='ltr'><strong>potest</strong></span> 
     </span>
     <span class='ocr_line' id='line_1_7' title="bbox 313 1021 1301 1106; baseline -0.001 -21"><span class='ocrx_word' id='word_1_45' title='bbox 313 1023 472 1106; x_wconf 80' lang='lat' dir='ltr'><strong>judicari,</strong></span> <span class='ocrx_word' id='word_1_46' title='bbox 493 1022 586 1101; x_wconf 89' lang='lat' dir='ltr'><strong>quod</strong></span> <span class='ocrx_word' id='word_1_47' title='bbox 602 1041 720 1092; x_wconf 83' lang='lat' dir='ltr'><strong>nemo,</strong></span> <span class='ocrx_word' id='word_1_48' title='bbox 742 1021 898 1081; x_wconf 83' lang='lat' dir='ltr'><strong>Eumene</strong></span> <span class='ocrx_word' id='word_1_49' title='bbox 916 1021 1098 1096; x_wconf 83' lang='lat' dir='ltr'><strong>viv0‚-rex</strong></span> <span class='ocrx_word' id='word_1_50' title='bbox 1115 1025 1301 1105; x_wconf 85' lang='lat' dir='ltr'><strong>appellatus</strong></span> 
     </span>
    </p>

    <p class='ocr_par' dir='ltr' id='par_1_4' title="bbox 282 1104 1308 1734">
     <span class='ocr_line' id='line_1_8' title="bbox 282 1104 1296 1227; baseline -0.002 -37"><span class='ocrx_word' id='word_1_51' title='bbox 282 1120 285 1124; x_wconf 15' lang='grc' dir='ltr'><em>Α</em></span> <span class='ocrx_word' id='word_1_52' title='bbox 314 1142 379 1202; x_wconf 81' lang='lat' dir='ltr'><strong>est,</strong></span> <span class='ocrx_word' id='word_1_53' title='bbox 393 1129 450 1190; x_wconf 90' lang='lat' dir='ltr'><strong>aed</strong></span> <span class='ocrx_word' id='word_1_54' title='bbox 463 1125 785 1227; x_wconf 40' lang='lat' dir='ltr'><strong>prefectusqiidem,</strong></span> <span class='ocrx_word' id='word_1_55' title='bbox 799 1104 874 1205; x_wconf 68' lang='lat' dir='ltr'><strong>post</strong></span> <span class='ocrx_word' id='word_1_56' title='bbox 888 1123 991 1204; x_wconf 83' lang='lat' dir='ltr'><strong>hujus</strong></span> <span class='ocrx_word' id='word_1_57' title='bbox 1005 1147 1174 1203; x_wconf 83' lang='lat' dir='ltr'><strong>occasum,</strong></span> <span class='ocrx_word' id='word_1_58' title='bbox 1186 1128 1296 1189; x_wconf 85' lang='lat' dir='ltr'><strong>statim</strong></span> 
     </span>
     <span class='ocr_line' id='line_1_9' title="bbox 313 1237 1297 1315; baseline 0 -21"><span class='ocrx_word' id='word_1_59' title='bbox 313 1237 445 1315; x_wconf 85' lang='lat' dir='ltr'><strong>regium</strong></span> <span class='ocrx_word' id='word_1_60' title='bbox 477 1246 632 1292; x_wconf 89' lang='lat' dir='ltr'><strong>ornatum</strong></span> <span class='ocrx_word' id='word_1_61' title='bbox 666 1249 861 1310; x_wconf 84' lang='lat' dir='ltr'><strong>nomenque</strong></span> <span class='ocrx_word' id='word_1_62' title='bbox 894 1247 1132 1311; x_wconf 80' lang='lat' dir='ltr'><strong>sumpserunt3</strong></span> <span class='ocrx_word' id='word_1_63' title='bbox 1169 1252 1297 1314; x_wconf 89' lang='lat' dir='ltr'><strong>neque,</strong></span> 
     </span>
     <span class='ocr_line' id='line_1_10' title="bbox 315 1334 1299 1420; baseline 0 -20"><span class='ocrx_word' id='word_1_64' title='bbox 315 1339 410 1419; x_wconf 90' lang='lat' dir='ltr'><strong>quod</strong></span> <span class='ocrx_word' id='word_1_65' title='bbox 421 1336 520 1398; x_wconf 90' lang='lat' dir='ltr'><strong>initio</strong></span> <span class='ocrx_word' id='word_1_66' title='bbox 533 1334 767 1418; x_wconf 83' lang='lat' dir='ltr'><strong>praedicarunt,</strong></span> <span class='ocrx_word' id='word_1_67' title='bbox 781 1353 815 1396; x_wconf 87' lang='lat' dir='ltr'><strong>se</strong></span> <span class='ocrx_word' id='word_1_68' title='bbox 825 1336 1015 1398; x_wconf 76' lang='lat' dir='ltr'><strong>Alexandri</strong></span> <span class='ocrx_word' id='word_1_69' title='bbox 1030 1338 1142 1398; x_wconf 85' lang='lat' dir='ltr'><strong>liberis</strong></span> <span class='ocrx_word' id='word_1_70' title='bbox 1155 1358 1299 1420; x_wconf 88' lang='lat' dir='ltr'><strong>regnum</strong></span> 
     </span>
     <span class='ocr_line' id='line_1_11' title="bbox 316 1441 1306 1524; baseline 0.001 -20"><span class='ocrx_word' id='word_1_71' title='bbox 316 1461 462 1516; x_wconf 83' lang='lat' dir='ltr'><strong>servare,</strong></span> <span class='ocrx_word' id='word_1_72' title='bbox 484 1441 519 1502; x_wconf 91' lang='lat' dir='ltr'><strong>id</strong></span> <span class='ocrx_word' id='word_1_73' title='bbox 534 1454 681 1522; x_wconf 82' lang='lat' dir='ltr'><strong>praestare</strong></span> <span class='ocrx_word' id='word_1_74' title='bbox 695 1441 899 1511; x_wconf 84' lang='lat' dir='ltr'><strong>voluerunt;</strong></span> <span class='ocrx_word' id='word_1_75' title='bbox 920 1455 952 1502; x_wconf 88' lang='lat' dir='ltr'><strong>et</strong></span> <span class='ocrx_word' id='word_1_76' title='bbox 970 1461 1041 1502; x_wconf 93' lang='lat' dir='ltr'><strong>uno</strong></span> <span class='ocrx_word' id='word_1_77' title='bbox 1058 1459 1306 1524; x_wconf 84' lang='lat' dir='ltr'><strong>propugnatore</strong></span> 
     </span>
     <span class='ocr_line' id='line_1_12' title="bbox 315 1544 1308 1628; baseline 0.001 -21"><span class='ocrx_word' id='word_1_78' title='bbox 315 1547 470 1618; x_wconf 84' lang='lat' dir='ltr'><strong>sublato,</strong></span> <span class='ocrx_word' id='word_1_79' title='bbox 492 1545 576 1625; x_wconf 89' lang='lat' dir='ltr'><strong>quid</strong></span> <span class='ocrx_word' id='word_1_80' title='bbox 593 1544 772 1620; x_wconf 87' lang='lat' dir='ltr'><strong>sentirent,</strong></span> <span class='ocrx_word' id='word_1_81' title='bbox 794 1561 1007 1628; x_wconf 86' lang='lat' dir='ltr'><strong>aperuerunt.</strong></span> <span class='ocrx_word' id='word_1_82' title='bbox 1039 1545 1154 1626; x_wconf 84' lang='lat' dir='ltr'><strong>Hujus</strong></span> <span class='ocrx_word' id='word_1_83' title='bbox 1167 1547 1308 1608; x_wconf 85' lang='lat' dir='ltr'><strong>sceleris</strong></span> 
     </span>
     <span class='ocr_line' id='line_1_13' title="bbox 315 1648 1307 1734; baseline 0 -24"><span class='ocrx_word' id='word_1_84' title='bbox 315 1649 483 1733; x_wconf 84' lang='lat' dir='ltr'><strong>principes</strong></span> <span class='ocrx_word' id='word_1_85' title='bbox 498 1649 637 1712; x_wconf 83' lang='lat' dir='ltr'><strong>fuerunt</strong></span> <span class='ocrx_word' id='word_1_86' title='bbox 651 1651 865 1734; x_wconf 80' lang='lat' dir='ltr'><strong>Antigonus,</strong></span> <span class='ocrx_word' id='word_1_87' title='bbox 888 1651 1103 1722; x_wconf 67' lang='lat' dir='ltr'><strong>Ptolemaeus,</strong></span> <span class='ocrx_word' id='word_1_88' title='bbox 1123 1648 1307 1726; x_wconf 81' lang='lat' dir='ltr'><strong>Seleucus,</strong></span> 
     </span>
    </p>
   </div>
   <div class='ocr_carea' id='block_1_3' title="bbox 69 1752 1304 1838">
    <p class='ocr_par' dir='ltr' id='par_1_5' title="bbox 69 1752 1304 1838">
     <span class='ocr_line' id='line_1_14' title="bbox 69 1752 1304 1838; baseline -0.002 -20"><span class='ocrx_word' id='word_1_89' title='bbox 69 1756 71 1761; x_wconf 71' lang='grc'>’</span> <span class='ocrx_word' id='word_1_90' title='bbox 255 1755 286 1817; x_wconf 83' lang='lat'><strong>3.</strong></span> <span class='ocrx_word' id='word_1_91' title='bbox 316 1754 554 1836; x_wconf 87' lang='lat' dir='ltr'><strong>Lysimachus,</strong></span> <span class='ocrx_word' id='word_1_92' title='bbox 589 1755 780 1818; x_wconf 72' lang='lat' dir='ltr'><strong>Cassander.</strong></span> <span class='ocrx_word' id='word_1_93' title='bbox 819 1756 1014 1838; x_wconf 85' lang='lat' dir='ltr'><strong>Antigonus</strong></span> <span class='ocrx_word' id='word_1_94' title='bbox 1038 1767 1149 1814; x_wconf 84' lang='lat' dir='ltr'><strong>autern</strong></span> <span class='ocrx_word' id='word_1_95' title='bbox 1173 1752 1304 1816; x_wconf 87' lang='lat' dir='ltr'><strong>Eume·</strong></span> 
     </span>
    </p>
   </div>
   <div class='ocr_carea' id='block_1_4' title="bbox 317 1855 1303 2154">
    <p class='ocr_par' dir='ltr' id='par_1_6' title="bbox 317 1855 1303 2154">
     <span class='ocr_line' id='line_1_15' title="bbox 318 1855 1302 1944; baseline 0.001 -23"><span class='ocrx_word' id='word_1_96' title='bbox 318 1878 399 1921; x_wconf 89' lang='lat' dir='ltr'><strong>nem</strong></span> <span class='ocrx_word' id='word_1_97' title='bbox 416 1875 589 1922; x_wconf 88' lang='lat' dir='ltr'><strong>mortuum</strong></span> <span class='ocrx_word' id='word_1_98' title='bbox 608 1861 805 1944; x_wconf 85' lang='lat' dir='ltr'><strong>propinquis</strong></span> <span class='ocrx_word' id='word_1_99' title='bbox 823 1861 895 1944; x_wconf 86' lang='lat' dir='ltr'><strong>ejus</strong></span> <span class='ocrx_word' id='word_1_100' title='bbox 906 1859 1136 1941; x_wconf 85' lang='lat' dir='ltr'><strong>sepeliendum</strong></span> <span class='ocrx_word' id='word_1_101' title='bbox 1152 1855 1302 1922; x_wconf 84' lang='lat' dir='ltr'><strong>tradidit.</strong></span> 
     </span>
     <span class='ocr_line' id='line_1_16' title="bbox 317 1962 1303 2042; baseline 0.001 -19"><span class='ocrx_word' id='word_1_102' title='bbox 317 1962 371 2025; x_wconf 87' lang='lat' dir='ltr'><strong>Hi</strong></span> <span class='ocrx_word' id='word_1_103' title='bbox 398 1963 536 2026; x_wconf 90' lang='lat' dir='ltr'><strong>militari</strong></span> <span class='ocrx_word' id='word_1_104' title='bbox 567 1964 710 2034; x_wconf 84' lang='lat' dir='ltr'><strong>honesto</strong></span> <span class='ocrx_word' id='word_1_105' title='bbox 740 1966 879 2042; x_wconf 83' lang='lat' dir='ltr'><strong>funere,</strong></span> <span class='ocrx_word' id='word_1_106' title='bbox 907 1965 1085 2028; x_wconf 83' lang='lat' dir='ltr'><strong>comitante</strong></span> <span class='ocrx_word' id='word_1_107' title='bbox 1112 1978 1181 2025; x_wconf 86' lang='lat' dir='ltr'><strong>toto</strong></span> <span class='ocrx_word' id='word_1_108' title='bbox 1208 1983 1303 2026; x_wconf 83' lang='lat' dir='ltr'><strong>exer·</strong></span> 
     </span>
     <span class='ocr_line' id='line_1_17' title="bbox 318 2067 1302 2154; baseline 0.002 -25"><span class='ocrx_word' id='word_1_109' title='bbox 318 2067 408 2145; x_wconf 83' lang='lat' dir='ltr'><strong>citu,</strong></span> <span class='ocrx_word' id='word_1_110' title='bbox 428 2068 674 2146; x_wconf 87' lang='lat' dir='ltr'><strong>humaverunt;</strong></span> <span class='ocrx_word' id='word_1_111' title='bbox 695 2091 834 2153; x_wconf 86' lang='lat' dir='ltr'><strong>ossaque</strong></span> <span class='ocrx_word' id='word_1_112' title='bbox 852 2071 924 2154; x_wconf 87' lang='lat' dir='ltr'><strong>ejus</strong></span> <span class='ocrx_word' id='word_1_113' title='bbox 941 2072 979 2134; x_wconf 91' lang='lat' dir='ltr'><strong>in</strong></span> <span class='ocrx_word' id='word_1_114' title='bbox 997 2069 1240 2154; x_wconf 85' lang='lat' dir='ltr'><strong>Cappadociam</strong></span> <span class='ocrx_word' id='word_1_115' title='bbox 1258 2069 1302 2141; x_wconf 68' lang='lat' dir='ltr'><strong>ad</strong></span> 
     </span>
    </p>
   </div>
   <div class='ocr_carea' id='block_1_5' title="bbox 259 2294 1302 2454">
    <p class='ocr_par' dir='ltr' id='par_1_7' title="bbox 259 2294 1302 2454">
     <span class='ocr_line' id='line_1_18' title="bbox 292 2294 1302 2369; baseline 0.001 -20"><span class='ocrx_word' id='word_1_116' title='bbox 292 2311 320 2349; x_wconf 84' lang='lat' dir='ltr'><strong>a.</strong></span> <span class='ocrx_word' id='word_1_117' title='bbox 345 2296 383 2350; x_wconf 87' lang='lat' dir='ltr'><strong>In</strong></span> <span class='ocrx_word' id='word_1_118' title='bbox 397 2315 453 2366; x_wconf 78' lang='lat' dir='ltr'><strong>quo</strong></span> <span class='ocrx_word' id='word_1_119' title='bbox 470 2306 584 2366; x_wconf 81' lang='lat' dir='ltr'><strong>quanta</strong></span> <span class='ocrx_word' id='word_1_120' title='bbox 595 2296 834 2369; x_wconf 77' lang='lat' dir='ltr'><strong>fueritomninnr</strong></span> <span class='ocrx_word' id='word_1_121' title='bbox 848 2294 967 2368; x_wconf 81' lang='lat' dir='ltr'><strong>opinio]</strong></span> <span class='ocrx_word' id='word_1_122' title='bbox 993 2296 1302 2352; x_wconf 63' lang='lat' dir='ltr'><strong>Lambtnnermuthm</strong></span> 
     </span>
     <span class='ocr_line' id='line_1_19' title="bbox 259 2381 1299 2454; baseline -0.003 -17"><span class='ocrx_word' id='word_1_123' title='bbox 259 2381 306 2437; x_wconf 91' lang='lat' dir='ltr'><strong>De</strong></span> <span class='ocrx_word' id='word_1_124' title='bbox 324 2400 389 2454; x_wconf 79' lang='lat' dir='ltr'><strong>quo.</strong></span> <span class='ocrx_word' id='word_1_125' title='bbox 410 2382 522 2437; x_wconf 65' lang='lat' dir='ltr'><strong>rAllein</strong></span> <span class='ocrx_word' id='word_1_126' title='bbox 540 2382 586 2436; x_wconf 89' lang='lat' dir='ltr'><strong>dia</strong></span> <span class='ocrx_word' id='word_1_127' title='bbox 604 2383 765 2437; x_wconf 79' lang='lat' dir='ltr'><strong>uihmliche</strong></span> <span class='ocrx_word' id='word_1_128' title='bbox 782 2382 946 2451; x_wconf 77' lang='lat' dir='ltr'><strong>Bedeutung</strong></span> <span class='ocrx_word' id='word_1_129' title='bbox 971 2384 1020 2436; x_wconf 90' lang='lat' dir='ltr'><strong>hat</strong></span> <span class='ocrx_word' id='word_1_130' title='bbox 1044 2390 1084 2438; x_wconf 89' lang='lat' dir='ltr'><strong>im</strong></span> <span class='ocrx_word' id='word_1_131' title='bbox 1105 2383 1299 2438; x_wconf 85' lang='lat' dir='ltr'><strong>Lateiniacheu</strong></span> 
     </span>
    </p>
   </div>
   <div class='ocr_carea' id='block_1_6' title="bbox 259 2473 1303 2623">
    <p class='ocr_par' dir='ltr' id='par_1_8' title="bbox 259 2473 1303 2623">
     <span class='ocr_line' id='line_1_20' title="bbox 259 2473 1303 2544; baseline -0.003 -10"><span class='ocrx_word' id='word_1_132' title='bbox 259 2486 292 2534; x_wconf 81' lang='lat' dir='ltr'><strong>in</strong></span> <span class='ocrx_word' id='word_1_133' title='bbox 310 2486 361 2535; x_wconf 88' lang='lat' dir='ltr'><strong>nrlt</strong></span> <span class='ocrx_word' id='word_1_134' title='bbox 379 2481 442 2535; x_wconf 89' lang='lat' dir='ltr'><strong>dem</strong></span> <span class='ocrx_word' id='word_1_135' title='bbox 460 2482 623 2544; x_wconf 78' lang='lat' dir='ltr'><strong>Ablativua,</strong></span> <span class='ocrx_word' id='word_1_136' title='bbox 648 2481 708 2534; x_wconf 87' lang='lat' dir='ltr'><strong>und</strong></span> <span class='ocrx_word' id='word_1_137' title='bbox 731 2488 772 2535; x_wconf 83' lang='lat' dir='ltr'><strong>im</strong></span> <span class='ocrx_word' id='word_1_138' title='bbox 792 2482 996 2535; x_wconf 84' lang='lat' dir='ltr'><strong>Grieehlachea</strong></span> <span class='ocrx_word' id='word_1_139' title='bbox 1015 2473 1045 2533; x_wconf 69' lang='lat' dir='ltr'><strong>in</strong></span> <span class='ocrx_word' id='word_1_140' title='bbox 1064 2487 1117 2535; x_wconf 88' lang='lat' dir='ltr'><strong>mit</strong></span> <span class='ocrx_word' id='word_1_141' title='bbox 1137 2481 1202 2534; x_wconf 89' lang='lat' dir='ltr'><strong>dem</strong></span> <span class='ocrx_word' id='word_1_142' title='bbox 1220 2480 1303 2532; x_wconf 84' lang='lat' dir='ltr'><strong>Dati-</strong></span> 
     </span>
     <span class='ocr_line' id='line_1_21' title="bbox 263 2564 1225 2623; baseline 0.001 -5"><span class='ocrx_word' id='word_1_143' title='bbox 263 2582 325 2622; x_wconf 84' lang='lat' dir='ltr'><strong>vua.</strong></span> <span class='ocrx_word' id='word_1_144' title='bbox 360 2569 431 2623; x_wconf 86' lang='lat' dir='ltr'><strong>Man</strong></span> <span class='ocrx_word' id='word_1_145' title='bbox 449 2569 513 2622; x_wconf 84' lang='lat' dir='ltr'><strong>aehe</strong></span> <span class='ocrx_word' id='word_1_146' title='bbox 533 2585 568 2620; x_wconf 85' lang='lat' dir='ltr'><strong>aa</strong></span> <span class='ocrx_word' id='word_1_147' title='bbox 587 2565 712 2619; x_wconf 83' lang='lat' dir='ltr'><strong>Cicero&#39;s</strong></span> <span class='ocrx_word' id='word_1_148' title='bbox 728 2581 832 2619; x_wconf 79' lang='lat' dir='ltr'><strong>erstem</strong></span> <span class='ocrx_word' id='word_1_149' title='bbox 847 2566 942 2619; x_wconf 80' lang='lat' dir='ltr'><strong>Barcha</strong></span> <span class='ocrx_word' id='word_1_150' title='bbox 960 2564 996 2615; x_wconf 80' lang='lat' dir='ltr'><strong>de</strong></span> <span class='ocrx_word' id='word_1_151' title='bbox 1014 2567 1134 2618; x_wconf 79' lang='lat' dir='ltr'><strong>Finibus</strong></span> <span class='ocrx_word' id='word_1_152' title='bbox 1158 2585 1182 2622; x_wconf 85' lang='lat' dir='ltr'><strong>o.</strong></span> <span class='ocrx_word' id='word_1_153' title='bbox 1201 2586 1225 2623; x_wconf 76' lang='lat' dir='ltr'><strong>a.</strong></span> 
     </span>
    </p>
   </div>
   <div class='ocr_carea' id='block_1_7' title="bbox 260 2715 1306 3049">
    <p class='ocr_par' dir='ltr' id='par_1_9' title="bbox 260 2715 1306 3049">
     <span class='ocr_line' id='line_1_22' title="bbox 297 2715 1304 2796; baseline -0.009 -20"><span class='ocrx_word' id='word_1_154' title='bbox 297 2733 325 2790; x_wconf 80' lang='lat'><strong>3.</strong></span> <span class='ocrx_word' id='word_1_155' title='bbox 352 2718 564 2790; x_wconf 77' lang='lat' dir='ltr'><strong>humaverunt]</strong></span> <span class='ocrx_word' id='word_1_156' title='bbox 603 2720 734 2772; x_wconf 70' lang='lat' dir='ltr'><strong>{liemare</strong></span> <span class='ocrx_word' id='word_1_157' title='bbox 758 2721 795 2772; x_wconf 88' lang='lat' dir='ltr'><strong>ist</strong></span> <span class='ocrx_word' id='word_1_158' title='bbox 818 2717 880 2771; x_wconf 86' lang='lat' dir='ltr'><strong>laier</strong></span> <span class='ocrx_word' id='word_1_159' title='bbox 903 2715 1184 2796; x_wconf 28' lang='lat' dir='ltr'><strong>nichtldeerdigem</strong></span> <span class='ocrx_word' id='word_1_160' title='bbox 1212 2718 1304 2784; x_wconf 81' lang='lat' dir='ltr'><strong>(deun</strong></span> 
     </span>
     <span class='ocr_line' id='line_1_23' title="bbox 262 2802 1305 2874; baseline -0.009 -11"><span class='ocrx_word' id='word_1_161' title='bbox 262 2806 448 2874; x_wconf 27' lang='lat' dir='ltr'><strong>diaflGebeina</strong></span> <span class='ocrx_word' id='word_1_162' title='bbox 472 2807 520 2861; x_wconf 83' lang='lat' dir='ltr'><strong>dea</strong></span> <span class='ocrx_word' id='word_1_163' title='bbox 536 2802 711 2874; x_wconf 79' lang='lat' dir='ltr'><strong>Beerdr‘gten</strong></span> <span class='ocrx_word' id='word_1_164' title='bbox 735 2802 847 2857; x_wconf 78' lang='lat' dir='ltr'><strong>werden</strong></span> <span class='ocrx_word' id='word_1_165' title='bbox 864 2803 944 2856; x_wconf 86' lang='lat' dir='ltr'><strong>nicht</strong></span> <span class='ocrx_word' id='word_1_166' title='bbox 961 2819 997 2855; x_wconf 90' lang='lat' dir='ltr'><strong>an</strong></span> <span class='ocrx_word' id='word_1_167' title='bbox 1016 2805 1098 2853; x_wconf 87' lang='lat' dir='ltr'><strong>einen</strong></span> <span class='ocrx_word' id='word_1_168' title='bbox 1119 2803 1227 2855; x_wconf 85' lang='lat' dir='ltr'><strong>andern</strong></span> <span class='ocrx_word' id='word_1_169' title='bbox 1246 2806 1305 2858; x_wconf 81' lang='lat' dir='ltr'><strong>Ort</strong></span> 
     </span>
     <span class='ocr_line' id='line_1_24' title="bbox 265 2885 1306 2965; baseline -0.008 -18"><span class='ocrx_word' id='word_1_170' title='bbox 265 2896 436 2965; x_wconf 81' lang='lat' dir='ltr'><strong>geschicht);</strong></span> <span class='ocrx_word' id='word_1_171' title='bbox 463 2892 586 2948; x_wconf 83' lang='lat' dir='ltr'><strong>aondarn</strong></span> <span class='ocrx_word' id='word_1_172' title='bbox 604 2907 633 2944; x_wconf 84' lang='lat' dir='ltr'><strong>ea</strong></span> <span class='ocrx_word' id='word_1_173' title='bbox 651 2889 824 2943; x_wconf 67' lang='lat' dir='ltr'><strong>droctrinae</strong></span> <span class='ocrx_word' id='word_1_174' title='bbox 845 2889 895 2944; x_wconf 82' lang='lat' dir='ltr'><strong>dar</strong></span> <span class='ocrx_word' id='word_1_175' title='bbox 911 2885 1213 2955; x_wconf 76' lang='lat' dir='ltr'><strong>Leielrenbegdngniss</strong></span> <span class='ocrx_word' id='word_1_176' title='bbox 1232 2907 1306 2959; x_wconf 78' lang='lat' dir='ltr'><strong>aua,</strong></span> 
     </span>
     <span class='ocr_line' id='line_1_25' title="bbox 260 2970 1305 3049; baseline -0.009 -16"><span class='ocrx_word' id='word_1_177' title='bbox 260 2981 380 3034; x_wconf 76' lang='lat' dir='ltr'><strong>welches</strong></span> <span class='ocrx_word' id='word_1_178' title='bbox 406 2979 469 3032; x_wconf 84' lang='lat' dir='ltr'><strong>dena</strong></span> <span class='ocrx_word' id='word_1_179' title='bbox 492 2979 701 3032; x_wconf 85' lang='lat' dir='ltr'><strong>Varrtorhanen</strong></span> <span class='ocrx_word' id='word_1_180' title='bbox 727 2975 857 3049; x_wconf 76' lang='lat' dir='ltr'><strong>gahaltea</strong></span> <span class='ocrx_word' id='word_1_181' title='bbox 882 2972 986 3029; x_wconf 76' lang='lat' dir='ltr'><strong>warda.</strong></span> <span class='ocrx_word' id='word_1_182' title='bbox 1028 2973 1098 3028; x_wconf 86' lang='lat' dir='ltr'><strong>Man</strong></span> <span class='ocrx_word' id='word_1_183' title='bbox 1118 2970 1191 3022; x_wconf 85' lang='lat' dir='ltr'><strong>mula</strong></span> <span class='ocrx_word' id='word_1_184' title='bbox 1213 2972 1305 3024; x_wconf 80' lang='lat' dir='ltr'><strong>uber-</strong></span> 
     </span>
    </p>
   </div>
   <div class='ocr_carea' id='block_1_8' title="bbox 149 3057 1305 3135">
    <p class='ocr_par' dir='ltr' id='par_1_10' title="bbox 149 3057 1305 3135">
     <span class='ocr_line' id='line_1_26' title="bbox 149 3057 1305 3135; baseline -0.006 -15"><span class='ocrx_word' id='word_1_185' title='bbox 149 3063 153 3074; x_wconf 88' lang='lat'>&#39;</span> <span class='ocrx_word' id='word_1_186' title='bbox 264 3065 353 3135; x_wconf 84' lang='lat' dir='ltr'><strong>haupt</strong></span> <span class='ocrx_word' id='word_1_187' title='bbox 377 3066 423 3117; x_wconf 88' lang='lat' dir='ltr'><strong>dia</strong></span> <span class='ocrx_word' id='word_1_188' title='bbox 446 3065 556 3129; x_wconf 85' lang='lat' dir='ltr'><strong>Verba,</strong></span> <span class='ocrx_word' id='word_1_189' title='bbox 591 3064 697 3118; x_wconf 75' lang='lat' dir='ltr'><strong>welche</strong></span> <span class='ocrx_word' id='word_1_190' title='bbox 727 3080 792 3116; x_wconf 81' lang='lat' dir='ltr'><strong>rom</strong></span> <span class='ocrx_word' id='word_1_191' title='bbox 820 3061 1121 3131; x_wconf 74' lang='lat' dir='ltr'><strong>Laiehanbagingniaae</strong></span> <span class='ocrx_word' id='word_1_192' title='bbox 1148 3057 1305 3125; x_wconf 79' lang='lat' dir='ltr'><strong>gebraucht</strong></span> 
     </span>
    </p>
   </div>
   <div class='ocr_carea' id='block_1_9' title="bbox 262 3141 1308 4075">
    <p class='ocr_par' dir='ltr' id='par_1_11' title="bbox 262 3141 1308 4075">
     <span class='ocr_line' id='line_1_27' title="bbox 262 3141 1308 3219; baseline -0.009 -15"><span class='ocrx_word' id='word_1_193' title='bbox 262 3149 393 3214; x_wconf 73' lang='lat' dir='ltr'><strong>werden,</strong></span> <span class='ocrx_word' id='word_1_194' title='bbox 411 3151 490 3203; x_wconf 82' lang='lat' dir='ltr'><strong>nieht</strong></span> <span class='ocrx_word' id='word_1_195' title='bbox 509 3168 544 3202; x_wconf 89' lang='lat' dir='ltr'><strong>au</strong></span> <span class='ocrx_word' id='word_1_196' title='bbox 563 3164 653 3219; x_wconf 76' lang='lat' dir='ltr'><strong>genau</strong></span> <span class='ocrx_word' id='word_1_197' title='bbox 674 3148 805 3202; x_wconf 77' lang='lat' dir='ltr'><strong>nahmen.</strong></span> <span class='ocrx_word' id='word_1_198' title='bbox 840 3149 887 3202; x_wconf 81' lang='lat' dir='ltr'><strong>Sia</strong></span> <span class='ocrx_word' id='word_1_199' title='bbox 906 3147 1074 3200; x_wconf 76' lang='lat' dir='ltr'><strong>bezeichnen</strong></span> <span class='ocrx_word' id='word_1_200' title='bbox 1091 3161 1147 3196; x_wconf 86' lang='lat' dir='ltr'><strong>nur</strong></span> <span class='ocrx_word' id='word_1_201' title='bbox 1168 3141 1216 3195; x_wconf 89' lang='lat' dir='ltr'><strong>daa</strong></span> <span class='ocrx_word' id='word_1_202' title='bbox 1235 3144 1308 3195; x_wconf 79' lang='lat' dir='ltr'><strong>Atl-</strong></span> 
     </span>
     <span class='ocr_line' id='line_1_28' title="bbox 263 3227 1307 3305; baseline -0.011 -16"><span class='ocrx_word' id='word_1_203' title='bbox 263 3242 403 3305; x_wconf 73' lang='lat' dir='ltr'><strong>gemeine.</strong></span> <span class='ocrx_word' id='word_1_204' title='bbox 438 3237 513 3290; x_wconf 86' lang='lat' dir='ltr'><strong>Dem</strong></span> <span class='ocrx_word' id='word_1_205' title='bbox 533 3235 746 3292; x_wconf 81' lang='lat' dir='ltr'><strong>Varstorbaraan</strong></span> <span class='ocrx_word' id='word_1_206' title='bbox 773 3231 820 3284; x_wconf 80' lang='lat' dir='ltr'><strong>die</strong></span> <span class='ocrx_word' id='word_1_207' title='bbox 840 3231 1080 3300; x_wconf 71' lang='lat' dir='ltr'><strong>gebrauchlishan</strong></span> <span class='ocrx_word' id='word_1_208' title='bbox 1098 3227 1307 3281; x_wconf 70' lang='lat' dir='ltr'><strong>Lenaea-ca-</strong></span> 
     </span>
     <span class='ocr_line' id='line_1_29' title="bbox 264 3314 1304 3385; baseline -0.01 -9"><span class='ocrx_word' id='word_1_209' title='bbox 264 3329 412 3376; x_wconf 81' lang='lat' dir='ltr'><strong>remonien</strong></span> <span class='ocrx_word' id='word_1_210' title='bbox 437 3327 590 3376; x_wconf 77' lang='lat' dir='ltr'><strong>ermisen.</strong></span> <span class='ocrx_word' id='word_1_211' title='bbox 626 3321 712 3375; x_wconf 77' lang='lat' dir='ltr'><strong>Nialia</strong></span> <span class='ocrx_word' id='word_1_212' title='bbox 732 3324 833 3372; x_wconf 73' lang='lat' dir='ltr'><strong>immet</strong></span> <span class='ocrx_word' id='word_1_213' title='bbox 855 3319 942 3385; x_wconf 77' lang='lat' dir='ltr'><strong>gehen</strong></span> <span class='ocrx_word' id='word_1_214' title='bbox 966 3322 1006 3369; x_wconf 86' lang='lat' dir='ltr'><strong>aia</strong></span> <span class='ocrx_word' id='word_1_215' title='bbox 1024 3316 1069 3367; x_wconf 84' lang='lat' dir='ltr'><strong>die</strong></span> <span class='ocrx_word' id='word_1_216' title='bbox 1087 3317 1140 3368; x_wconf 80' lang='lat' dir='ltr'><strong>Art</strong></span> <span class='ocrx_word' id='word_1_217' title='bbox 1159 3314 1304 3366; x_wconf 83' lang='lat' dir='ltr'><strong>bestimmt</strong></span> 
     </span>
     <span class='ocr_line' id='line_1_30' title="bbox 265 3397 1306 3472; baseline -0.012 -11"><span class='ocrx_word' id='word_1_218' title='bbox 265 3424 318 3472; x_wconf 83' lang='lat' dir='ltr'><strong>an,</strong></span> <span class='ocrx_word' id='word_1_219' title='bbox 335 3426 418 3461; x_wconf 78' lang='lat' dir='ltr'><strong>werra</strong></span> <span class='ocrx_word' id='word_1_220' title='bbox 436 3412 477 3459; x_wconf 87' lang='lat' dir='ltr'><strong>sie</strong></span> <span class='ocrx_word' id='word_1_221' title='bbox 490 3426 519 3460; x_wconf 88' lang='lat' dir='ltr'><strong>ea</strong></span> <span class='ocrx_word' id='word_1_222' title='bbox 536 3408 624 3460; x_wconf 86' lang='lat' dir='ltr'><strong>achon</strong></span> <span class='ocrx_word' id='word_1_223' title='bbox 638 3407 788 3464; x_wconf 73' lang='lat' dir='ltr'><strong>anhelarent</strong></span> <span class='ocrx_word' id='word_1_224' title='bbox 807 3423 831 3459; x_wconf 84' lang='lat' dir='ltr'><strong>a.</strong></span> <span class='ocrx_word' id='word_1_225' title='bbox 843 3404 876 3458; x_wconf 87' lang='lat' dir='ltr'><strong>B.</strong></span> <span class='ocrx_word' id='word_1_226' title='bbox 892 3406 949 3469; x_wconf 84' lang='lat' dir='ltr'><strong>IV,</strong></span> <span class='ocrx_word' id='word_1_227' title='bbox 967 3412 995 3470; x_wconf 73' lang='grc'><strong>4.</strong></span> <span class='ocrx_word' id='word_1_228' title='bbox 1013 3401 1109 3467; x_wconf 82' lang='lat' dir='ltr'><strong>amplo</strong></span> <span class='ocrx_word' id='word_1_229' title='bbox 1121 3397 1235 3470; x_wconf 82' lang='lat' dir='ltr'><strong>sunere</strong></span> <span class='ocrx_word' id='word_1_230' title='bbox 1252 3417 1306 3449; x_wconf 75' lang='lat' dir='ltr'><strong>ex·</strong></span> 
     </span>
     <span class='ocr_line' id='line_1_31' title="bbox 263 3486 1304 3563; baseline -0.009 -18"><span class='ocrx_word' id='word_1_231' title='bbox 263 3495 350 3558; x_wconf 67' lang='lat' dir='ltr'><strong>laelii,</strong></span> <span class='ocrx_word' id='word_1_232' title='bbox 375 3510 419 3547; x_wconf 78' lang='lat' dir='ltr'><strong>no</strong></span> <span class='ocrx_word' id='word_1_233' title='bbox 444 3498 473 3547; x_wconf 88' lang='lat' dir='ltr'><strong>in</strong></span> <span class='ocrx_word' id='word_1_234' title='bbox 499 3491 616 3563; x_wconf 84' lang='lat' dir='ltr'><strong>efferre</strong></span> <span class='ocrx_word' id='word_1_235' title='bbox 639 3493 721 3546; x_wconf 86' lang='lat' dir='ltr'><strong>nicht</strong></span> <span class='ocrx_word' id='word_1_236' title='bbox 739 3491 789 3545; x_wconf 88' lang='lat' dir='ltr'><strong>dar</strong></span> <span class='ocrx_word' id='word_1_237' title='bbox 806 3494 949 3561; x_wconf 70' lang='lat' dir='ltr'><strong>gerlngate</strong></span> <span class='ocrx_word' id='word_1_238' title='bbox 965 3486 1136 3542; x_wconf 83' lang='lat' dir='ltr'><strong>Nachdruck</strong></span> <span class='ocrx_word' id='word_1_239' title='bbox 1154 3487 1232 3555; x_wconf 81' lang='lat' dir='ltr'><strong>liegt.</strong></span> <span class='ocrx_word' id='word_1_240' title='bbox 1268 3486 1304 3538; x_wconf 86' lang='lat' dir='ltr'><strong>So</strong></span> 
     </span>
     <span class='ocr_line' id='line_1_32' title="bbox 262 3572 1306 3671; baseline -0.011 -39"><span class='ocrx_word' id='word_1_241' title='bbox 262 3577 350 3671; x_wconf 46' lang='lat' dir='ltr'><strong>flat</strong></span> <span class='ocrx_word' id='word_1_242' title='bbox 369 3596 398 3631; x_wconf 91' lang='lat' dir='ltr'><strong>ea</strong></span> <span class='ocrx_word' id='word_1_243' title='bbox 417 3578 488 3630; x_wconf 90' lang='lat' dir='ltr'><strong>auch</strong></span> <span class='ocrx_word' id='word_1_244' title='bbox 508 3596 562 3629; x_wconf 86' lang='lat' dir='ltr'><strong>von</strong></span> <span class='ocrx_word' id='word_1_245' title='bbox 581 3580 660 3631; x_wconf 79' lang='lat' dir='ltr'><strong>Dion</strong></span> <span class='ocrx_word' id='word_1_246' title='bbox 679 3579 721 3644; x_wconf 78' lang='grc' dir='ltr'><strong>Χ,</strong></span> <span class='ocrx_word' id='word_1_247' title='bbox 741 3587 784 3645; x_wconf 75' lang='grc'><strong>4.,</strong></span> <span class='ocrx_word' id='word_1_248' title='bbox 807 3577 969 3631; x_wconf 77' lang='lat' dir='ltr'><strong>walcharln</strong></span> <span class='ocrx_word' id='word_1_249' title='bbox 980 3572 1128 3626; x_wconf 78' lang='lat' dir='ltr'><strong>der-Stadt</strong></span> <span class='ocrx_word' id='word_1_250' title='bbox 1146 3572 1306 3642; x_wconf 77' lang='lat' dir='ltr'><strong>haygeaetat</strong></span> 
     </span>
     <span class='ocr_line' id='line_1_33' title="bbox 262 3658 1302 3735; baseline -0.009 -18"><span class='ocrx_word' id='word_1_251' title='bbox 262 3662 378 3728; x_wconf 72' lang='lat' dir='ltr'><strong>warda,</strong></span> <span class='ocrx_word' id='word_1_252' title='bbox 402 3664 506 3716; x_wconf 81' lang='lat' dir='ltr'><strong>elatus.</strong></span> <span class='ocrx_word' id='word_1_253' title='bbox 541 3664 596 3715; x_wconf 89' lang='lat' dir='ltr'><strong>Die</strong></span> <span class='ocrx_word' id='word_1_254' title='bbox 613 3664 705 3717; x_wconf 77' lang='lat' dir='ltr'><strong>Verba</strong></span> <span class='ocrx_word' id='word_1_255' title='bbox 726 3661 858 3735; x_wconf 80' lang='lat' dir='ltr'><strong>efferre,</strong></span> <span class='ocrx_word' id='word_1_256' title='bbox 875 3661 1012 3733; x_wconf 74' lang='lat' dir='ltr'><strong>sepelire,</strong></span> <span class='ocrx_word' id='word_1_257' title='bbox 1030 3660 1150 3712; x_wconf 79' lang='lat' dir='ltr'><strong>humare</strong></span> <span class='ocrx_word' id='word_1_258' title='bbox 1168 3658 1302 3711; x_wconf 81' lang='lat' dir='ltr'><strong>hadeataa</strong></span> 
     </span>
     <span class='ocr_line' id='line_1_34' title="bbox 265 3741 1303 3817; baseline -0.006 -16"><span class='ocrx_word' id='word_1_259' title='bbox 265 3749 326 3802; x_wconf 83' lang='lat' dir='ltr'><strong>alto</strong></span> <span class='ocrx_word' id='word_1_260' title='bbox 344 3749 386 3802; x_wconf 85' lang='lat' dir='ltr'><strong>ost</strong></span> <span class='ocrx_word' id='word_1_261' title='bbox 403 3752 500 3802; x_wconf 79' lang='lat' dir='ltr'><strong>weiter</strong></span> <span class='ocrx_word' id='word_1_262' title='bbox 516 3747 627 3813; x_wconf 81' lang='lat' dir='ltr'><strong>nichta,</strong></span> <span class='ocrx_word' id='word_1_263' title='bbox 643 3748 685 3802; x_wconf 80' lang='lat' dir='ltr'><strong>als</strong></span> <span class='ocrx_word' id='word_1_264' title='bbox 704 3754 796 3800; x_wconf 75' lang='lat' dir='ltr'><strong>elnam</strong></span> <span class='ocrx_word' id='word_1_265' title='bbox 813 3753 860 3801; x_wconf 80' lang='lat' dir='ltr'><strong>ain</strong></span> <span class='ocrx_word' id='word_1_266' title='bbox 872 3741 1174 3817; x_wconf 63' lang='lat' dir='ltr'><strong>bickenbagangniss</strong></span> <span class='ocrx_word' id='word_1_267' title='bbox 1193 3743 1303 3795; x_wconf 83' lang='lat' dir='ltr'><strong>laalten.</strong></span> 
     </span>
     <span class='ocr_line' id='line_1_35' title="bbox 266 3829 1305 3903; baseline -0.01 -15"><span class='ocrx_word' id='word_1_268' title='bbox 266 3833 367 3892; x_wconf 81' lang='lat' dir='ltr'><strong>Cicero</strong></span> <span class='ocrx_word' id='word_1_269' title='bbox 385 3834 421 3886; x_wconf 81' lang='lat' dir='ltr'><strong>da</strong></span> <span class='ocrx_word' id='word_1_270' title='bbox 435 3835 524 3903; x_wconf 70' lang='lat' dir='ltr'><strong>legg.</strong></span> <span class='ocrx_word' id='word_1_271' title='bbox 538 3835 581 3900; x_wconf 81' lang='lat'><strong>11,</strong></span> <span class='ocrx_word' id='word_1_272' title='bbox 601 3852 645 3888; x_wconf 77' lang='lat' dir='ltr'><strong>aa.</strong></span> <span class='ocrx_word' id='word_1_273' title='bbox 681 3832 767 3903; x_wconf 81' lang='lat' dir='ltr'><strong>Quod</strong></span> <span class='ocrx_word' id='word_1_274' title='bbox 783 3851 878 3885; x_wconf 82' lang='lat' dir='ltr'><strong>nune</strong></span> <span class='ocrx_word' id='word_1_275' title='bbox 897 3836 1144 3886; x_wconf 82' lang='lat' dir='ltr'><strong>communiter</strong></span> <span class='ocrx_word' id='word_1_276' title='bbox 1160 3829 1305 3881; x_wconf 74' lang='lat' dir='ltr'><strong>humati</strong></span> 
     </span>
     <span class='ocr_line' id='line_1_36' title="bbox 266 3913 1305 3990; baseline -0.007 -21"><span class='ocrx_word' id='word_1_277' title='bbox 266 3916 421 3987; x_wconf 71' lang='lat' dir='ltr'><strong>licuntur,</strong></span> <span class='ocrx_word' id='word_1_278' title='bbox 449 3919 565 3973; x_wconf 73' lang='lat' dir='ltr'><strong>ederat</strong></span> <span class='ocrx_word' id='word_1_279' title='bbox 582 3924 733 3990; x_wconf 80' lang='lat' dir='ltr'><strong>proprium</strong></span> <span class='ocrx_word' id='word_1_280' title='bbox 752 3927 814 3983; x_wconf 67' lang='lat' dir='ltr'><strong>epam</strong></span> <span class='ocrx_word' id='word_1_281' title='bbox 838 3925 869 3970; x_wconf 80' lang='lat' dir='ltr'><strong>in</strong></span> <span class='ocrx_word' id='word_1_282' title='bbox 894 3923 944 3985; x_wconf 81' lang='lat' dir='ltr'><strong>ils,</strong></span> <span class='ocrx_word' id='word_1_283' title='bbox 973 3934 1042 3988; x_wconf 78' lang='lat' dir='ltr'><strong>qnos</strong></span> <span class='ocrx_word' id='word_1_284' title='bbox 1064 3915 1166 3968; x_wconf 70' lang='lat' dir='ltr'><strong>bromus</strong></span> <span class='ocrx_word' id='word_1_285' title='bbox 1189 3913 1305 3982; x_wconf 78' lang='lat' dir='ltr'><strong>injecta</strong></span> 
     </span>
     <span class='ocr_line' id='line_1_37' title="bbox 265 3999 1303 4075; baseline -0.008 -23"><span class='ocrx_word' id='word_1_286' title='bbox 265 4009 445 4067; x_wconf 71' lang='lat' dir='ltr'><strong>contegeret.</strong></span> <span class='ocrx_word' id='word_1_287' title='bbox 462 4031 498 4049; x_wconf 90' lang='lat'><em>-</em></span> <span class='ocrx_word' id='word_1_288' title='bbox 515 4004 625 4060; x_wconf 81' lang='lat' dir='ltr'><strong>Neaera</strong></span> <span class='ocrx_word' id='word_1_289' title='bbox 640 4005 777 4075; x_wconf 78' lang='lat' dir='ltr'><strong>Aualegar</strong></span> <span class='ocrx_word' id='word_1_290' title='bbox 792 4003 925 4058; x_wconf 82' lang='lat' dir='ltr'><strong>haaiehen</strong></span> <span class='ocrx_word' id='word_1_291' title='bbox 943 4002 1063 4054; x_wconf 83' lang='lat' dir='ltr'><strong>lanmnra</strong></span> <span class='ocrx_word' id='word_1_292' title='bbox 1082 3999 1134 4054; x_wconf 80' lang='lat' dir='ltr'><strong>aus</strong></span> <span class='ocrx_word' id='word_1_293' title='bbox 1146 4000 1197 4053; x_wconf 84' lang='lat' dir='ltr'><strong>das</strong></span> <span class='ocrx_word' id='word_1_294' title='bbox 1213 4000 1303 4050; x_wconf 68' lang='lat' dir='ltr'><strong>Beer·-</strong></span> 
     </span>
    </p>
   </div>
   <div class='ocr_carea' id='block_1_10' title="bbox 265 4078 1303 4157">
    <p class='ocr_par' dir='ltr' id='par_1_12' title="bbox 265 4078 1303 4157">
     <span class='ocr_line' id='line_1_38' title="bbox 265 4078 1303 4157; baseline -0.02 -2"><span class='ocrx_word' id='word_1_295' title='bbox 265 4078 355 4154; x_wconf 58' lang='lat' dir='ltr'><strong>dllm</strong></span> <span class='ocrx_word' id='word_1_296' title='bbox 371 4081 423 4137; x_wconf 79' lang='lat' dir='ltr'><strong>der</strong></span> <span class='ocrx_word' id='word_1_297' title='bbox 438 4088 542 4147; x_wconf 73' lang='lat' dir='ltr'><strong>Arche.</strong></span> <span class='ocrx_word' id='word_1_298' title='bbox 576 4089 672 4147; x_wconf 77' lang='lat' dir='ltr'><strong>Allain</strong></span> <span class='ocrx_word' id='word_1_299' title='bbox 687 4088 735 4146; x_wconf 81' lang='lat' dir='ltr'><strong>dle</strong></span> <span class='ocrx_word' id='word_1_300' title='bbox 744 4089 850 4147; x_wconf 80' lang='lat' dir='ltr'><strong>Warta</strong></span> <span class='ocrx_word' id='word_1_301' title='bbox 862 4088 990 4146; x_wconf 64' lang='lat' dir='ltr'><strong>»ducti</strong></span> <span class='ocrx_word' id='word_1_302' title='bbox 1005 4087 1180 4157; x_wconf 72' lang='lat' dir='ltr'><strong>honestoque</strong></span> <span class='ocrx_word' id='word_1_303' title='bbox 1186 4080 1303 4156; x_wconf 73' lang='lat' dir='ltr'><strong>sunere</strong></span> 
     </span>
    </p>
   </div>
   <div class='ocr_carea' id='block_1_11' title="bbox 0 0 1373 4838">
    <p class='ocr_par' dir='ltr' id='par_1_13' title="bbox 0 0 1373 4838">
     <span class='ocr_line' id='line_1_39' title="bbox 0 0 1373 4838; baseline 0 0"><span class='ocrx_word' id='word_1_304' title='bbox 0 0 1373 4838; x_wconf 95' lang='lat' dir='ltr'><strong> </strong></span> 
     </span>
    </p>
   </div>
  </div>
 </body>
</html>
