2722 4838
375 314 381 322 ¹
462 327 501 390 Ι.
522 328 695 393 Miltiades·
734 328 812 412 Cup.
832 328 893 392 ΙΙ.

576 507 691 578 Cur.
739 506 786 576 II.

153 679 185 724 r.
219 659 276 722 Ibi
295 656 390 722 brevi
417 636 565 739 tempoie
589 658 803 720 barbarorum
825 656 931 740 copiis
951 657 1110 741 disjectis,
1140 675 1209 724 tota

221 765 373 848 regione,
388 785 490 845 quarn
506 761 662 844 petierat,
683 762 824 843 potitus,
845 764 918 825 loca
932 766 1073 828 castellis
1087 768 1209 830 idonea

220 868 469 944 communivit,
492 865 771 942 multitudinem,
792 888 893 948 quam
915 888 1028 932 secum
1051 872 1210 947 duxerat,

222 974 260 1037 in
285 975 369 1058 agris
391 973 569 1034 collocavit
589 970 777 1051 crebrisque
793 973 1048 1035 excursionibus
1066 977 1212 1058 locuple·

185 1122 195 1142 .
230 1079 325 1141 tavit.
362 1078 485 1159 Neque
506 1078 622 1140 minus
642 1077 680 1139 in
700 1096 738 1138 ea
757 1096 793 1138 re
811 1077 989 1158 prudentia
1013 1099 1115 1159 quam
1139 1081 1211 1143 feli.

225 1184 323 1247 ritate
346 1183 478 1265 adjutus
499 1199 559 1245 est.
598 1182 687 1243 Nam
710 1201 818 1261 quum
839 1181 964 1246 virtute
987 1184 1139 1247 militum
1158 1187 1211 1248 de·

222 1288 356 1353 vicisset
371 1287 520 1351 hostium
539 1287 720 1359 exercitus,
743 1304 875 1348 summa
892 1290 1046 1370 aequitate
1064 1309 1113 1350 res
1133 1310 1209 1365 con·

224 1392 350 1468 stituit,
370 1407 471 1475 atque
483 1393 551 1474 ipse
564 1391 689 1453 ibidem
701 1411 836 1453 manere
848 1393 1005 1457 decrevit.
1024 1395 1103 1459 Erat
1114 1396 1208 1458 enim

226 1498 312 1563 inter
332 1519 388 1562 eos
409 1499 571 1581 dignitate
591 1497 696 1581 regia,
720 1497 876 1576 quamvis
899 1503 1025 1561 carebat
1050 1502 1209 1573 nomine3
1290 1538 1293 1543 ·

222 1625 334 1686 neque
358 1605 393 1668 id
415 1604 518 1686 magis
541 1603 699 1684 imperio,
721 1621 822 1679 quam
838 1600 981 1681 justitia,
1002 1622 1210 1670 consecutus.

163 1710 195 1774 3.
225 1709 349 1791 Neque
369 1727 410 1770 eo
431 1710 538 1770 secius
559 1703 847 1777 Atheniensibus,
873 1727 891 1767 a
912 1708 1035 1788 quibus
1054 1726 1122 1773 erat
1139 1732 1211 1792 pro.

224 1813 348 1886 fectus,
371 1809 477 1873 officia
494 1812 672 1891 praestabat.
693 1808 829 1894 Quibus
841 1813 939 1872 rebus
950 1813 1063 1888 fiebat,
1084 1830 1211 1877 utnon

223 1920 341 1981 minus
351 1935 469 1977 eorum
482 1914 829 2007 voluntatexperpetuo
841 1913 1021 1992 imperium
1033 1916 1213 1992 obtineret,

226 2022 290 2102 qui
311 2019 487 2090 miserant,
509 2033 613 2094 quam
634 2014 793 2090 illosum,
813 2035 892 2076 cum
913 2015 1037 2097 quibus
1056 2034 1124 2082 erat
1142 2042 1214 2104 pro·

205 2218 245 2272 11.
284 2238 308 2271 r.
334 2221 535 2285 tota'regione
553 2243 588 2259 -
604 2214 735 2287 politus]
769 2216 819 2269 Ich
839 2217 911 2271 habe
931 2217 1018 2272 echon
1037 2220 1090 2293 bey
1110 2223 1212 2277 Cicero

171 2303 207 2356 de
223 2305 299 2356 Fato
317 2320 341 2355 c.
360 2316 386 2368 7.
405 2302 585 2371 angemsrlt,
609 2319 666 2354 nur
683 2301 772 2354 seiten
792 2303 884 2357 werde
902 2309 932 2356 in
953 2304 1057 2359 diesem
1078 2308 1213 2364 Zeitrlter

167 2406 202 2442 zu
222 2393 318 2458 potiri
341 2387 391 2441 der
406 2388 555 2440 Ablativus
576 2400 696 2457 gereret,
721 2386 845 2442 eondern
864 2389 1004 2445 entweder
1023 2391 1073 2446 der
1092 2394 1211 2450 Genitir

165 2474 235 2528 oder
259 2492 305 2527 aru
322 2474 441 2526 liebsteu
458 2472 509 2526 der
526 2474 686 2527 Accurstlv.
722 2473 870 2528 Cornelius
891 2477 941 2530 hrt
960 2495 989 2531 ee
1007 2478 1101 2549 iudeis!
1116 2487 1208 2552 einigs

164 2559 272 2615 Mrhle.
290 2561 361 2622 vn,
378 2568 405 2624 5.
432 2558 533 2610 Cimon
551 2558 639 2626 1¹2⁴·
659 2576 687 2609 u·
705 2576 780 2614 mr.
815 2561 872 2614 Μὴ
886 2561 951 2616 dem
967 2562 1117 2620 decussus
1137 2584 1209 2622 con·

164 2649 264 2699 etruirt
282 2662 313 2697 er
330 2661 360 2696 es
376 2661 433 2696 nnr
449 2644 505 2696 Ein
520 2642 617 2711 Mem,
635 2643 755 2698 Eumeis.
773 2645 831 2715 lll,
853 2654 881 2714 4.

198 2819 225 2856 2.
253 2799 419 2870 devicisset]
454 2800 586 2865 Stiirlter,
603 2798 646 2853 sls
668 2798 718 2854 des
739 2799 868 2855 einleche
887 2808 1011 2860 vicisset.
1046 2807 1207 2863 Deoincere

162 2885 249 2938 beisst
266 2885 404 2953 gdnzlr'cls
423 2886 567 2954 besiegen.
603 2885 689 2938 Dteee
700 2886 785 2939 Krete
800 2887 850 2940 hat
864 2886 909 2941 die
923 2891 1107 2961 Praeposition
1124 2892 1159 2943 de
1176 2899 1208 2948 iu

164 2970 217 3025 der
225 2971 513 3039 Zussmmensetrung
528 2970 634 3035 osten,
652 2988 677 3024 z.
688 2971 722 3025 Β.
735 2971 890 3039 debellare,
907 2973 1067 3041 decertare,
1085 2985 1211 3033 sostrei-

165 3072 230 3121 ten,
253 3054 316 3108 dale
339 3053 390 3108 der
407 3054 510 3108 endere
533 3054 664 3124 ginslicb
685 3055 792 3124 besiegt
812 3061 868 3122 ist,
892 3058 971 3112 nicht
989 3062 1070 3114 mehr
1091 3070 1209 3120 streiten

166 3144 253 3196 lrrrru.
289 3141 387 3194 Daher
408 3140 472 3191 dem
487 3141 611 3208 Kriege,
632 3138 696 3191 dem
709 3142 861 3194 Streitein
872 3143 953 3197 Eride
969 3146 1099 3203 morien.
1137 3150 1210 3203 Cor-

168 3225 261 3280 nelius
278 3226 373 3280 hst'es
391 3225 518 3296 beynahe
537 3230 566 3276 in
586 3223 661 3277 allen
679 3227 819 3297 Capitelu.

260 3380 392 3449 imperio]
427 3381 481 3434 Die
499 3381 636 3449 Ausleger
658 3382 788 3435 erkliireu
813 3390 962 3453 imperium
985 3387 1074 3440 durch
1096 3392 1210 3458 imperii

168 3466 320 3522 violentia.
343 3467 391 3518 leh
405 3467 504 3518 nehme
521 3485 549 3518 es
564 3467 611 3518 hir
626 3472 776 3536 imperium
790 3474 934 3539 militare,
949 3473 999 3526 das
1012 3473 1188 3526 Commendo
1197 3495 1208 3533 ;

169 3550 229 3611 und
244 3549 435 3604 deredaulre
454 3557 489 3604 ist
508 3552 609 3603 dieser.
646 3552 731 3605 Nicbt
748 3553 798 3607 das
810 3558 1000 3621 Commendo,
1018 3559 1137 3613 welches
1150 3561 1209 3614 ihm

170 3655 227 3691 ron
246 3636 300 3690 den
318 3637 522 3690 Atheniensem
541 3637 697 3688 zuerhennt
714 3655 788 3701 war,
806 3642 929 3695 eundern
948 3649 1025 3696 seine
1042 3645 1210 3715 Gerecbtig-

166 3722 312 3777 heiteliebe
332 3723 501 3775 verschallte
519 3722 579 3773 ihm
597 3738 628 3772 so
646 3721 701 3772 viel
718 3723 867 3789 Anseben,
885 3726 946 3780 dass
964 3746 995 3781 er
1013 3746 1083 3799 ganz
1104 3747 1210 3783 unum·

168 3810 318 3861 schrinltts
335 3808 446 3862 Gewelt
467 3808 536 3857 uber
560 3810 601 3858 sie
618 3806 710 3883 hatte.
755 3808 798 3858 lm
822 3814 887 3865 8ten
906 3813 975 3882 Cap,
999 3819 1024 3880 ς.
1046 3834 1071 3867 2.
1098 3816 1210 3869 werden

167 3899 291 3962 imperia
306 3892 365 3946 und
381 3897 578 3959 magistratus
594 3895 644 3944 mit
659 3889 794 3944 einander
805 3892 983 3960 verbunden,
1002 3918 1045 3951 uo
1061 3902 1120 3953 siclt
1134 3902 1208 3969 jener

168 3979 221 4033 sul
235 3979 280 4031 die
297 3977 433 4034 Wurdeu
452 3981 491 4028 im
508 3977 631 4046 limgo,
649 3976 739 4032 dieses
757 3976 811 4031 aus
824 3975 869 4030 die
883 3977 1015 4037 Wnr'den
1032 3991 1072 4040 im
1086 3986 1208 4050 faeda

166 4064 286 4120 beziebt.

162 4332 190 4393 's
